2699 3404
1107 293 1169 301 —
1230 266 1359 313 xvn
1424 292 1479 299 —

354 394 675 443 commovisse.
741 392 861 440 Nam
893 397 941 436 et
972 389 1074 452 ipse
1103 387 1389 451 aliquando,
1435 388 1644 435 nondum
1688 389 1880 450 cognita
1921 394 2022 435 tota
2059 387 2144 434 illa
2183 387 2241 433 de

358 483 498 529 huius
527 479 758 528 orationis
797 477 995 524 veritate
1034 476 1376 529 controversia,
1427 491 1606 538 quum,
1651 474 1786 521 aliud
1818 490 1981 535 agens,
2032 481 2244 536 quatuor

355 561 589 616 orationes
618 562 924 610 Catilinarias
964 578 1060 608 uno
1099 570 1260 607 tenore
1298 563 1608 624 perlegerem,
1660 563 1709 607 in
1748 570 1923 623 quarta
1963 561 2079 606 mihi
2115 562 2243 608 visus

353 657 533 703 fueram
567 667 669 697 eam
703 650 867 696 seriem
898 657 947 694 et
979 648 1349 712 perpetuitatem
1379 647 1740 703 sententiarum,
1784 665 1883 711 qua
1920 649 2015 695 alia
2052 665 2111 696 ex
2148 651 2243 697 alia

353 759 473 790 nexa
502 747 551 786 et
582 754 744 785 omnes
774 737 900 783 inter
931 753 978 782 se
1008 743 1151 798 aptae
1190 735 1538 798 colligataeque
1568 751 1663 782 esse
1695 736 1990 791 viderentur,
2011 738 2243 801 aliquan-

352 839 456 876 tum
501 815 779 872 desiderare.
832 824 1022 884 ·ltaque
1063 838 1216 883 quum
1259 823 1428 883 paullo
1469 831 1579 883 post
1617 822 1667 867 in
1706 822 1859 876 illam,
1909 842 2055 886 quam
2097 843 2243 888 supra

352 909 738 963 commemoravi,
793 910 1154 956 Zimmermanm‘
1199 909 1291 953 mei
1331 908 1728 969 significationem
1776 909 2063 966 incidissem,
2116 915 2243 959 hunc

354 1014 549 1061 quoque
581 996 858 1057 suspicabar
884 1004 1082 1057 propter
1111 994 1307 1040 eandem
1341 1010 1550 1040 caussam
1583 996 1642 1040 de
1673 995 1870 1041 veritate
1900 998 2127 1045 orationis
2156 1001 2244 1046 du-

353 1085 542 1130 bitasse.
618 1082 786 1128 Postea
826 1097 959 1136 vero,
1007 1081 1194 1143 saepius
1237 1083 1439 1144 repetita
1484 1083 1683 1128 lectione
1722 1091 1769 1127 et
1810 1085 2007 1130 consilio
2046 1090 2243 1135 oratoris

355 1170 527 1215 rectius
550 1176 814 1230 perspecto,
845 1169 958 1212 haec
985 1169 1101 1213 mihi
1125 1168 1365 1213 dubitatio
1397 1178 1620 1230 exempta
1651 1178 1736 1215 est.
1803 1172 1946 1216 Porro
1976 1176 2242 1220 accuratius

352 1258 475 1302 inter
506 1272 553 1300 se
585 1254 872 1316 comparatis
899 1254 1157 1300 Eichstadii
1186 1255 1546 1317 Schnitzerique
1579 1257 1824 1301 sententiis
1855 1259 1913 1304 de
1944 1261 2154 1306 oratione
2184 1279 2240 1309 ex

353 1342 542 1387 duabus
573 1341 793 1402 partibus
824 1340 1172 1392 contaminata,
1216 1340 1306 1384 hoc
1343 1347 1500 1385 tamen
1537 1340 1755 1387 interesse
1787 1343 1937 1389 visum
1970 1357 2060 1400 est,
2108 1351 2241 1409 quod

354 1444 478 1489 quae
509 1427 742 1488 incipiens
773 1443 800 1472 a
833 1426 991 1488 capite
1021 1426 1165 1471 tertio
1196 1442 1306 1488 pars
1336 1428 1484 1482 altera
1513 1429 1741 1474 orationis
1763 1430 2030 1479 Eichstadio
2051 1435 2242 1481 videtur

356 1515 417 1560 ab
450 1513 807 1575 interpolatoris
837 1513 1040 1559 alicuius
1071 1528 1240 1567 manu,
1272 1514 1611 1574 complementi
1643 1531 1822 1571 caussa,
1853 1517 2016 1564 addita
2045 1536 2157 1575 esse,
2189 1539 2242 1568 ea

354 1619 380 1647 a
414 1600 690 1646 Schnitzero
733 1615 821 1661 pro
861 1599 947 1644 illa
987 1600 1093 1660 ipsa
1131 1599 1344 1644 oratione
1386 1600 1606 1652 habetur,
1658 1617 1754 1662 qua
1787 1602 1950 1649 Cicero
1989 1608 2243 1653 sententias

354 1688 549 1733 Patrum
574 1686 913 1748 interpellavit.
958 1686 1055 1731 lam
1080 1702 1189 1731 vero
1212 1702 1363 1747 quum
1383 1702 1655 1747 persuasum
1677 1689 1887 1745 habeam,
1916 1706 2080 1738 omnes
2101 1695 2244 1740 huius

353 1773 581 1820 orationis
614 1780 772 1835 partes
799 1780 896 1819 tam
931 1780 1034 1819 arto
1056 1772 1247 1818 vinculo
1278 1773 1400 1818 inter
1430 1790 1476 1818 se
1506 1774 1750 1829 contineri,
1785 1785 1839 1822 ut
1872 1794 1997 1839 quae
2029 1796 2056 1825 a
2086 1781 2243 1843 capite

353 1867 530 1920 quarto
565 1874 716 1920 usque
746 1858 808 1904 ad
842 1860 982 1904 finem
1016 1860 1266 1920 leguntur,
1313 1876 1406 1905 non
1450 1861 1633 1921 possint
1665 1880 1692 1908 a
1726 1865 1969 1925 superiore
2004 1878 2140 1929 parte
2177 1886 2240 1914 se-

354 1945 535 2006 parari:
591 1960 689 2006 quo
730 1944 897 1990 melius
936 1945 1168 1990 sententia
1210 1961 1313 1991 mea
1352 1947 1570 2008 cognosci
1604 1957 1650 1992 et
1684 1965 1791 1996 cum
1826 1953 1973 1999 altera
2006 1955 2088 2000 illa
2117 1970 2237 2000 com·

354 2030 512 2091 parari
543 2031 706 2092 possit,
740 2046 864 2086 eum,
898 2030 983 2092 qui
1017 2030 1132 2077 mihi
1165 2031 1215 2077 in
1246 2032 1460 2078 oratione
1491 2015 1648 2080 inesse
1669 2036 1869 2091 videtur,
1902 2040 2234 2086 sententiarum

353 2117 562 2163 ordinem
596 2118 733 2179 quasi
767 2118 815 2163 in
848 2119 1014 2165 tabula
1046 2135 1326 2181 proponam.

355 2360 845 2415 Sententiarum
892 2366 954 2415 in
991 2369 1289 2418 oratione
1334 2380 1561 2437 quarta
1599 2370 1990 2422 Catilinaria
2035 2375 2235 2423 series

1025 2502 1086 2545 et
1122 2495 1547 2545 continuatio.

398 2631 430 2675 Ι.
479 2630 530 2676 ln
571 2636 762 2680 exordio
803 2642 961 2680 orator
1001 2635 1161 2682 Patres
1202 2645 1359 2697 rogat,
1412 2646 1464 2682 ut
1505 2637 1563 2683 de
1601 2653 1687 2684 suo
1719 2639 1870 2701 ipsius
1900 2641 2110 2702 periculo
2142 2660 2236 2691 non

479 2716 739 2777 cogitantes
780 2736 834 2766 ea
865 2721 1143 2777 decernant,
1188 2722 1362 2784 quibus
1394 2724 1588 2770 Senatui
1626 2725 1835 2786 dignitas
1866 2728 2149 2790 Populoque
2181 2733 2235 2778 R.

468 2802 605 2848 -salus
636 2802 874 2864 pariatur;
912 2814 953 2861 1,
987 2814 1027 2853 1.

605 2903 759 2949 Huius
789 2904 1130 2953 adhortationis
1161 2908 1279 2954 duas
1310 2910 1448 2956 affert
1481 2926 1685 2957 caussas:

1761 2996 1791 3033 C
