2699 3404
1095 344 1157 354 —
1220 318 1404 365 xxxu
1466 347 1529 356 —

366 462 420 491 eo
449 442 712 489 indicatum
743 441 923 500 esse30)
955 456 1108 502 quum
1140 440 1414 502 praesertim
1448 456 1543 487 non
1564 441 1818 500 Ciceronis,
1850 444 1937 507 qui
1968 446 2247 494 sententiam

365 546 495 578 suam
527 545 585 575 ne
614 528 904 590 approbavit
936 527 1134 589 quidem
1165 526 1403 582 Patribus,
1434 527 1516 574 sed
1545 527 1758 575 Caesaris
1788 536 1837 576 et
1866 530 2061 577 Catonis
2091 539 2250 592 partes

364 615 616 681 primariae
648 614 825 661 fuerint
856 614 907 660 in
939 630 1091 676 poena
1123 613 1476 661 coniuratorum
1508 614 1813 662 decernenda.
1873 618 2038 679 Neque
2066 616 2160 663 alia
2190 617 2250 664 de

365 719 528 751 caussa
560 699 787 764 praeclari
826 701 957 747 illius
989 701 1254 763 praeconii,
1300 718 1400 763 quo
1431 702 1550 749 Cato
1581 701 1802 749 Consulis
1840 703 2064 749 virtutem
2102 710 2250 764 atque

364 789 661 852 diligentiam
698 787 749 833 in
788 790 975 835 coelum
1012 790 1249 836 extulerat
1294 789 1411 852 (Cic.
1445 789 1505 836 ad
1537 790 1639 835 Att.
1674 796 1756 842 12,
1786 796 1862 835 21.
1918 790 2042 836 Vell.
2072 797 2116 845 2,
2149 794 2246 850 35),

369 877 500 923 nulla
532 882 602 921 est
634 876 685 920 in
718 876 931 921 oratione
961 876 1158 922 Catonis
1189 876 1321 937 apud
1352 876 1628 921 Sallustium
1661 876 2055 922 commemoratio,

548 962 646 1007 lam
680 961 729 1006 in
761 961 1024 1006 excitandis
1055 977 1255 1014 caussae,
1287 962 1347 1006 de
1379 978 1477 1023 qua
1507 962 1680 1023 agitur,
1715 959 1914 1006 testibus
1934 961 2146 1022 antiquis
2181 963 2248 1008 ita

366 1049 673 1102 versabimur,
715 1057 782 1101 ut,
828 1048 1167 1109 praetermissis
1193 1051 1520 1110 grammaticis
1550 1046 1925 1108 veteribuS,·qui
1959 1047 2156 1108 plurimi
2188 1066 2246 1095 ex

365 1154 433 1192 ea,
469 1152 591 1198 quae
621 1135 681 1181 ad
714 1144 920 1181 nostram
953 1143 1155 1181 aetatem
1189 1135 1417 1195 pervenit,
1449 1135 1663 1181 oratione
1693 1135 1836 1188 dicta,
1869 1135 1943 1180 vel
1974 1150 2250 1182 commemo·

367 1232 469 1270 rato
492 1224 563 1268 vel
585 1238 809 1283 oppresso
830 1222 1039 1268 auctoris
1055 1222 1261 1273 nomine,
1284 1223 1547 1267 retulerunt
1566 1223 1786 1283 (Alii-ens.
1801 1238 1851 1282 p.
1866 1228 1927 1269 95
1941 1224 2082 1282 sqq.),
2106 1221 2245 1268 aliam

368 1326 475 1355 vero
509 1308 718 1354 eiusdem
751 1308 844 1353 diei
878 1309 1024 1354 nullis
1046 1308 1233 1353 indiciis
1255 1308 1658 1369 significaverunt,
1689 1309 1897 1369 primum
1920 1309 1968 1354 in
1990 1326 2072 1355 sua
2088 1325 2249 1355 caussa

367 1397 660 1442 verissimum
704 1394 1230 1455 locupletissimumque
1275 1401 1462 1447 testem,
1518 1394 1676 1455 ipsum
1716 1394 2035 1456 producamus
2067 1394 2247 1443 Cicero-

368 1503 480 1539 nem,
514 1485 652 1545 eique
684 1484 885 1528 Graecos
915 1481 1168 1529 earundem
1205 1497 1358 1527 rerum
1392 1488 1681 1527 enarratores
1710 1481 2039 1543 adiungamus.

553 1571 789 1618 Ciceronis
822 1568 1145 1614 testimonium
1179 1568 1367 1614 duobus
1400 1567 1650 1629 praecipue
1681 1568 1797 1615 locis
1813 1568 2098 1621 continetur,
2132 1584 2245 1630 quo-

368 1676 471 1705 rum
506 1659 656 1704 altero
688 1656 920 1702 illustrem
955 1654 1235 1701 sententiam
1268 1671 1326 1702 ex
1359 1671 1435 1709 ea,
1469 1670 1591 1717 quae
1622 1654 1775 1701 adhuc
1807 1653 2003 1715 legitur,
2042 1654 2245 1700 oratione

371 1744 607 1806 repetivit,
640 1743 803 1796 altero,
837 1757 960 1803 quae
982 1757 1091 1786 suae
1114 1748 1271 1803 partes
1302 1741 1351 1786 in
1385 1741 1677 1787 decernendo
1709 1741 1901 1794 fuerint,
1925 1740 1992 1784 ita
2013 1741 2246 1801 exposuit,

372 1839 424 1875 ut
456 1831 515 1876 de
549 1831 681 1876 nulla
703 1830 796 1875 alia
829 1828 1042 1874 oratione
1075 1828 1274 1888 cogitari
1310 1844 1444 1889 posse
1476 1827 1705 1873 videatur.

545 1916 682 1963 Prior
724 1916 855 1962 locus
893 1914 1070 1975 legitur
1115 1914 1163 1960 in
1205 1914 1395 1975 epilogo
1434 1916 1658 1959 orationis
1690 1915 1992 1976 Philippicae
2033 1917 2249 1959 secundae

367 2009 430 2062 (c.
466 2004 555 2055 46,
587 2003 816 2065 §.117).·
848 2002 1067 2054 „Etenim
1099 2004 1154 2054 si,
1188 2001 1354 2046 abhinc
1386 1993 1527 2046 annos
1551 2016 1698 2062 prope
1725 2003 1919 2063 viginti,
1955 2003 2038 2047 hoc
2069 2003 2168 2061 ipso
2199 2003 2248 2044 in

369 2090 530 2151 templo
563 2091 730 2151 negavi
753 2105 888 2150 posse
920 2096 1107 2134 mortem
1139 2090 1431 2133 immaturam
1463 2104 1552 2133 esse
1590 2088 1839 2134 Consulari
1852 2106 1867 2134 :
1897 2097 2069 2149 quanto
2100 2089 2248 2133 verius

366 2194 483 2223 nunc
519 2177 696 2238 negabo
726 2178 823 2223 seni
831 2179 886 2222 !“

551 2262 719 2309 Oratio
750 2261 915 2307 habita
941 2277 1041 2306 ,esse
1075 2262 1275 2323 fingitur
1306 2278 1348 2307 a.
1382 2260 1430 2307 d.
1464 2260 1590 2307 Xlll.
1623 2261 1729 2307 Kal.
1764 2262 1870 2307 Oct.
1903 2262 1955 2307 in
1984 2262 2098 2308 cella
2132 2260 2247 2307 Con-

369 2351 547 2395 cordiae
584 2349 685 2409 (‚‚in
718 2349 803 2393 hac
836 2348 954 2393 cella
983 2348 1291 2402 Concordiae,
1331 2349 1383 2394 in
1415 2364 1513 2409 qua
1545 2364 1619 2395 me
1650 2348 1856 2394 Consule
1895 2350 2122 2395 salutares
2151 2364 2247 2393 sen-

369 2434 541 2481 tentiae
573 2433 723 2481 dictae
757 2443 913 2488 sunt,“
947 2441 990 2489 8,
1027 2436 1114 2496 19).
1190 2436 1365 2482 Orator
1395 2439 1445 2482 in
1477 2434 1695 2498 proxime
1734 2435 2119 2481 antecedentibus
2151 2450 2245 2479 ver-

369 2529 501 2567 satur
532 2520 582 2566 in
613 2521 874 2568 Consulatu
908 2537 1007 2574 su0,
1039 2538 1079 2568 a.
1113 2528 1200 2570 691
1238 2531 1384 2583 gesto,
1417 2538 1523 2567 eum
1556 2522 1752 2567 Antonii
1784 2522 2046 2567 Consulatu
2080 2538 2122 2567 a.
2156 2527 2245 2568 710

369 2606 792 2670 comparando-³⁰)
873 2610 1000 2654 lnter
1063 2617 1343 2670 utrumque,
1398 2626 1456 2654 ex
1510 2611 1688 2654 ratione
1734 2618 1944 2653 veterum
1991 2607 2242 2652 terminum

436 2776 470 2815 *)
500 2775 584 2808 Sall.
609 2785 640 2807 c.
662 2777 727 2807 50:
767 2775 930 2814 „Consul,
953 2778 1012 2808 ubi
1035 2787 1077 2809 ea
1099 2776 1213 2818 parari
1238 2776 1408 2816 cognovit,
1432 2776 1607 2819 dispositis
1629 2775 1821 2818 praesidiis,
1845 2781 1883 2810 ut
1906 2787 1959 2811 res
1983 2780 2085 2817 atque
2108 2777 2241 2817 tempus

503 2832 673 2874 monebat,
697 2837 885 2866 convocato
899 2833 1028 2866 Senatu
1045 2833 1155 2876 refert,
1178 2833 1260 2877 quid
1273 2833 1317 2866 de
1329 2832 1379 2865 his
1392 2833 1461 2867 fieri
1480 2834 1627 2876 placeat,
1642 2833 1708 2876 ‚qui
1719 2833 1753 2865 in
1769 2833 1960 2867 custodiam
1978 2830 2093 2864 traditi
2109 2836 2240 2865 crant.“

416 2903 467 2943 Ν)
499 2900 566 2934 Cic.
592 2902 682 2935 Phil.
705 2905 746 2941 2,
770 2905 835 2942 46,
862 2905 944 2935 118:
990 2902 1164 2941 „Derendi
1200 2913 1302 2945 remp.
1335 2903 1553 2944 adulescens,
1590 2913 1656 2935 non
1696 2904 1849 2937 deseram
1886 2911 2010 2935 senex:
2054 2902 2238 2943 contempsi

502 2958 671 2992 Catilinae
693 2960 836 3000 gladios,
859 2971 926 2994 uon
949 2961 1186 3002 pertimescam
1209 2962 1321 2993 tuos-‘⁶

2612 2308 2613 2313 „
2606 2172 2615 2285 dmm-...s
2610 2101 2617 2141 ..„„
2611 2074 2615 2079 .
2614 2024 2617 2028 ,
2613 1997 2617 2001 ,
2615 1924 2618 1938 ,⁴
2617 1871 2619 1874 ,
2612 1755 2619 1829 ..μὰψ
