2699 3404
1176 259 1479 304 ...Vl—

380 387 509 433 tione
532 386 886 446 interpretatus,
923 384 1118 432 Gladius
1149 384 1198 430 in
1221 383 1384 429 libello
1407 382 1700 435 scholastico,
1732 399 1774 429 a.
1800 387 1923 430 1826
1943 381 1992 429 in
2009 383 2266 445 Gymnasio

381 472 602 533 Lyecensi
643 470 799 522 edito,
848 469 1039 530 scripsit
1078 474 1132 518 de
1161 472 1403 518 authentia
1442 471 1659 517 secundae
1698 473 1927 517 orationis
1960 469 2267 520 Catilinariae

377 558 778 618 disputationem,
819 565 982 617 postea
1025 558 1246 603 insertam
1279 557 1496 602 Seebodii
1530 557 1705 603 Neuem
1740 556 1913 602 Archiv
1944 557 1979 604 f.
2012 557 2184 604 Philol.
2219 576 2263 605 u.

377 644 583 705 P’adag„
631 651 765 697 1827,
802 643 856 688 N.
891 642 966 698 lV,
999 661 1048 705 p.
1080 650 1140 693 47
1173 660 1305 706 sqq.‚
1347 642 1396 689 in
1430 659 1528 705 qua
1565 643 1617 689 id
1647 642 1768 705 egit,
1813 650 1866 688 ut
1908 642 2263 700 demonstraret,

378 733 500 778 hanc
549 730 807 777 orationem
857 737 957 774 tam
990 729 1140 775 videri
1188 731 1408 783 stultam,
1455 729 1823 784 inconstantem,
1870 729 2079 791 ineptam
2120 740 2266 793 atque

377 819 601 864 insulsam
643 831 766 870 esse,
811 825 890 869 ut,
936 817 1217 878 quicunque
1259 818 1371 862 satis
1403 824 1598 877 paratus
1628 817 1690 863 ad
1722 816 1975 877 legendum
2009 818 2186 864 venerit
2217 827 2264 864 et

377 904 544 950 mentis
586 902 735 947 aciem
777 902 838 947 ad
880 902 954 956 id,
1010 902 1142 963 quod
1174 911 1367 963 agatur,
1416 902 1694 956 intenderit,
1746 903 1986 948 Ciceronis
2027 919 2129 949 eam
2170 921 2264 950 esse

375 991 508 1035 nullo
543 990 683 1035 modo
715 988 902 1034 credere
935 990 1097 1049 possit.
1164 990 1216 1034 ln
1247 1006 1351 1035 eam
1385 989 1665 1036 sententiam
1705 1006 1789 1050 per
1819 990 2007 1050 singula
2038 991 2265 1037 orationis

373 1075 552 1135 capita,
590 1091 884 1136 quamquam
913 1091 1006 1121 non
1028 1076 1231 1130 indocte,
1264 1076 1532 1123 disserendo
1554 1093 1699 1137 quam
1724 1077 1843 1122 nihil
1874 1084 2041 1122 auctor
2072 1077 2263 1123 consilio

373 1177 459 1205 suo
493 1162 605 1205 satis
637 1161 819 1214 fecerit,
866 1178 1010 1222 quam
1052 1165 1345 1209 confidenter
1383 1165 1457 1209 vel
1498 1163 1742 1208 temerarie
1780 1162 1897 1208 adeo
1937 1171 2147 1209 versatus
2187 1165 2262 1217 sit,

372 1247 493 1292 bene
525 1246 692 1293 docuit
727 1248 908 1302 Bloch,
956 1247 1304 1295 Roeskildensis
1335 1248 1530 1295 Scholae
1560 1248 1754 1301 Rector,
1801 1247 1847 1293 in
1884 1247 2090 1295 editione
2121 1257 2260 1295 oratt.

369 1333 612 1378 Ciceronis
647 1335 927 1380 selectarum
958 1336 1117 1395 (1829)
1152 1336 1253 1381 Vol.
1289 1336 1322 1382 l.

560 1421 762 1466 Secutus
822 1431 892 1467 est
955 1422 1171 1468 Gerensis
1231 1423 1478 1484 Gymnasii
1532 1423 1893 1474 Subconrector,
1958 1421 2264 1468 Bernhardus

373 1507 597 1560 Redime,
632 1507 719 1568 qui
761 1510 822 1554 ab
855 1508 1114 1554 Eichstadii
1146 1508 1401 1569 disciplina
1435 1508 1698 1570 profectuS,
1740 1524 1842 1554 eam
1874 1508 2176 1561 sententiam,
2209 1507 2256 1552 in

371 1608 517 1654 quam
550 1609 660 1638 cum
695 1595 967 1638 Eichstadio
1000 1595 1228 1638 Wolfium
1262 1595 1481 1638 incidisse
1514 1594 1827 1644 narravimus,
1873 1593 2061 1636 uberius
2100 1593 2260 1651 expla-

372 1696 481 1725 nare
524 1696 770 1742 aggressus
810 1689 880 1725 est
917 1682 966 1724 in
1009 1682 1405 1725 commentatione
1444 1686 1498 1726 de
1538 1684 1702 1726 tertiae
1739 1682 1964 1724 orationis
2001 1682 2257 1731 authentia,

371 1782 533 1827 quam,
567 1778 715 1812 morte
748 1771 1004 1813 immatura
1034 1783 1300 1827 oppressus,
1332 1768 1658 1828 imperfectam
1693 1766 1903 1826 reliquit.
1919 1767 1963 1824 *)

557 1855 839 1899 Accedimus
870 1855 964 1899 iam
998 1855 1061 1900 ad
1092 1870 1195 1900 eam
1226 1856 1513 1910 orationem,
1555 1855 1604 1899 in
1641 1854 1780 1899 cuius
1816 1854 1909 1899 fide
1947 1852 2259 1898 examinanda

367 1950 429 1993 et,
462 1941 500 1984 si
537 1941 638 1985 fieri
674 1941 844 2001 possit,
879 1942 1102 1986 adversus
1134 1940 1381 1985 acerrimas
1413 1940 1816 2001 impugnationes,
1850 1954 1970 2000 quas
2001 1954 2153 1998 nuper
2183 1953 2260 1980 ex-

368 2036 503 2087 perta
555 2037 648 2080 est,
715 2027 981 2072 rationibus
1033 2025 1321 2087 quibusdam
1369 2027 1654 2072 stabilienda
1706 2026 1845 2070 huius
1896 2025 2258 2086 qualiscumque

367 2113 708 2173 disputationis
740 2130 925 2158 summa
957 2113 1293 2158 continebitur.

555 2202 742 2253 Quarta
773 2203 939 2252 oratio,
976 2209 1029 2244 ut
1062 2200 1187 2244 inter
1221 2199 1428 2259 reliquas
1446 2199 1748 2244 Catilinarias
1777 2207 2066 2259 postremum
2102 2195 2257 2238 locum

366 2288 572 2339 obtinet,
608 2289 677 2331 ita
709 2288 852 2331 etiam
888 2296 1126 2347 postremo
1160 2287 1264 2330 loeo
1297 2286 1345 2330 in
1383 2286 1727 2331 dubitationem
1763 2294 1926 2330 vocata
1958 2293 2050 2336 est,
2083 2281 2160 2325 sed
2191 2281 2257 2324 ita

499 2480 736 2513 Marcelliana.
783 2482 890 2514 Diese
916 2482 1197 2515 Demonstration
1222 2483 1306 2514 aber
1328 2482 1397 2523 gab
1421 2481 1474 2513 ich
1499 2482 1568 2520 auf,
1604 2491 1642 2513 so
1665 2481 1714 2513 oft
1734 2481 1787 2513 ich
1811 2480 1921 2513 daran
1944 2480 2044 2521 ging;
2082 2488 2119 2511 es
2141 2476 2255 2510 schien

498 2549 561 2582 mir
585 2560 627 2582 zu
652 2551 801 2590 schuer,
836 2552 891 2585 die
916 2552 1052 2586 Indicia
1083 2563 1121 2587 so
1144 2554 1294 2586 deutlich
1321 2553 1549 2593 darzuiegen,
1583 2552 1633 2584 als
1665 2552 1718 2584 bei
1751 2551 1818 2584 den
1851 2550 1933 2584 fiius
1959 2550 2089 2582 andern
2124 2546 2254 2584 Reden,

496 2618 572 2652 weil
589 2618 639 2651 sie
661 2619 749 2652 eben
764 2618 858 2652 nicht
870 2629 907 2653 so
922 2620 1072 2654 deutlich
1095 2621 1140 2654 da
1158 2621 1272 2655 sind.⁴·
1319 2621 1461 2665 (Wols's
1485 2620 1598 2652 Leben
1624 2630 1688 2652 von
1712 2620 1809 2652 Willn.
1824 2620 1943 2659 Kane,
1958 2617 2132 2654 Bd.11‚S.
2147 2617 2235 2655 126.)

421 2705 454 2740 '‘)
499 2701 597 2739 Quae
622 2712 667 2734 ex
693 2702 756 2734 hoc
780 2712 884 2744 opere
907 2704 1064 2736 absoluta
1087 2711 1284 2747 supersunt,
1311 2705 1559 2744 prolegomena
1583 2710 1618 2736 et
1640 2710 1788 2746 quatuor
1810 2703 1961 2744 capitum
1984 2702 2133 2743 priorum
2147 2699 2252 2730 iuter-

500 2774 654 2811 pretatio,
680 2784 721 2805 ea
746 2778 815 2804 tam
840 2773 941 2805 docte
965 2779 1133 2815 acuteque
1158 2780 1305 2807 tractata
1331 2775 1462 2805 iudicat
1485 2773 1676 2813 Bacchius,
1710 2774 1753 2806 ad
1777 2784 1877 2816 quem
1902 2772 2050 2807 schedae
2073 2768 2152 2802 illae
2175 2778 2256 2809 per-

497 2846 676 2882 venerunt,
700 2848 737 2875 ut
760 2852 804 2876 ea
828 2852 896 2876 non
921 2842 1062 2886 indigna
1083 2849 1241 2883 censeat,
1274 2853 1363 2886 quac
1389 2842 1572 2886 aliquando
1596 2844 1629 2876 in
1654 2844 1763 2877 lucem
1788 2843 1997 2876 emittantur.
2042 2839 2099 2880 (ln
2123 2838 2176 2870 ed.
2203 2837 2252 2869 IV

498 2916 598 2944 oratt.
624 2912 658 2943 in
683 2913 798 2953 Catil„
821 2924 856 2955 p.
880 2917 974 2954 317.)
