2699 3404
1022 315 1080 321 —-
1142 286 1350 335 XXXIII
1412 315 1472 322 --

314 410 517 472 cipiendi
571 411 618 457 in
663 408 985 470 computando
1039 409 1486 469 complectentium,
1547 412 1725 472 viginti
1774 414 1883 458 anni
1933 412 2179 458 intersunt.

316 497 691 543 commemorata
720 511 829 541 vero
858 496 1068 542 oratione
1098 495 1358 549 Conmlari,
1399 495 1545 542 Nonis
1577 497 1823 542 Decembr.
1857 498 2032 551 habita,
2071 514 2184 545 non·

316 583 429 629 dum
456 583 648 642 expleto
679 597 798 627 anno
828 583 1067 643 vigesimo,
1100 580 1406 641 restringendi
1431 581 1668 642 particula
1700 591 1900 644 „prope“
1935 584 2183 631 rectissime

316 679 385 716 est
414 670 594 716 addita.
657 669 866 722 Accedit,
899 668 1029 729 quod
1062 670 1147 714 hoc
1177 670 1274 729 ipso
1304 670 1354 714 in
1386 669 1549 729 templo
1591 669 1754 715 iisdem
1786 670 1939 716 verbis
1968 687 2016 716 se
2047 688 2181 718 usum

314 774 408 803 esse
447 755 587 811 dicit,
626 772 749 818 quae
787 757 1010 817 leguntur
1047 754 1097 800 in
1135 772 1202 801 or.
1237 754 1343 802 Cat.
1377 760 1426 808 4,
1458 762 1511 808 2,
1542 762 1596 802 3:
1643 756 1796 809 „Nam
1837 773 1991 819 neque
2029 758 2184 819 turpis

318 858 440 889 mors
478 841 590 888 forti
630 842 731 889 viro
772 850 927 903 potest
956 841 1180 896 accidere,
1212 857 1365 903 neque
1397 841 1653 887 immatura
1683 840 1943 898 Consulari,
1985 862 2070 892 nec
2099 848 2185 893 mi-

317 943 416 972 sera
452 927 711 987 sapienti.“
787 927 857 972 lta
896 929 1109 987 profecto
1150 929 1262 974 haec
1299 927 1430 973 dicta
1468 935 1762 987 congruunt,
1804 936 1858 973 ut
1887 931 2004 977 nihil
2036 936 2184 993 possit

317 1014 482 1076 magis.
544 1013 674 1063 Quid
704 1012 851 1075 igitur
880 1014 1165 1062 Akrensius?
1212 1013 1442 1067 Primum,
1475 1013 1688 1075 neglecto
1719 1013 1803 1059 illo
1836 1011 2038 1061 duorum
2061 1033 2184 1064 men-

315 1099 435 1146 sium
483 1100 806 1162 intervallo‚*)
854 1115 948 1146 non
979 1119 1123 1164 prope
1153 1100 1326 1163 viginti
1359 1117 1528 1155 annoS‚
1573 1101 1654 1146 sed
1686 1103 1807 1163 ipsos
1838 1117 1983 1148 annos
2014 1103 2183 1164 viginti

316 1188 626 1234 numerandos
663 1187 805 1233 fuisse
833 1196 999 1249 putat..
1052 1188 1239 1250 >Deinde
1270 1187 1580 1248 restringendi
1615 1189 1900 1248 particulam
1939 1189 2009 1235 ita
2046 1189 2185 1236 inter-

316 1281 546 1335 pretatur,
579 1281 636 1320 ut
667 1281 856 1336 tempus
884 1275 1138 1321 sententiae
1170 1274 1393 1320 dicendae
1424 1289 1519 1319 non
1554 1290 1677 1321 anno
1698 1276 1987 1322 Consulatus
2005 1276 2188 1323 Cicero-

316 1361 459 1416 niani,
493 1361 572 1407 sed
594 1375 717 1407 anno
736 1361 967 1421 proximo,
1000 1361 1161 1406 Silano
1181 1368 1228 1405 et
1249 1361 1478 1405 Muraena
1498 1360 1800 1413 Consulibus,
1831 1359 1971 1407 fuisse
1991 1372 2182 1410 statuat.

312 1449 578 1509 Argutatur
630 1448 772 1493 etiam
824 1448 873 1493 in
934 1448 1120 1494 nomine
1175 1447 1468 1500 Consularis,
1527 1463 1621 1492 non
1669 1456 1913 1508 reputanS,
1969 1449 2183 1496 Ciceroni

314 1535 494 1580 furores
525 1533 806 1584 tribunicios
836 1551 930 1579 non
960 1534 1174 1587 Consuli,
1212 1534 1292 1578 sed
1322 1532 1538 1593 deposito
1569 1532 1760 1577 demum
1792 1533 2050 1580 Consulatu
2095 1553 2187 1582 me-

314 1621 514 1667 tuendos
544 1621 701 1665 fuisse.
765 1621 984 1682 Denique
1015 1636 1167 1681 quum
1199 1620 1324 1666 idem
1354 1619 1538 1664 dictum
1570 1636 1597 1664 a
1626 1620 1918 1671 Quintiliano
1929 1623 2000 1680 *Ἴ
2033 1633 2082 1668 et
2110 1626 2185 1671 M.

315 1710 510 1756 Annaeo
541 1708 710 1753 Seneca
741 1708 1083 1767 Rhetore,***)
1127 1708 1397 1767 paullulum
1431 1706 1697 1752 immutatis
1739 1707 1912 1762 verbis,
1951 1718 2005 1754 ut
2048 1711 2105 1756 fit
2135 1713 2184 1759 in

313 1795 428 1842 locis
460 1794 730 1840 memoriter
761 1794 1024 1849 afferendis,
1059 1801 1320 1855 repetatur,
1363 1792 1546 1837 dictum
1578 1791 1700 1838 illud
1731 1792 2078 1842 nobilissimum
2108 1814 2186 1844 ore

315 1882 536 1942 famaque
567 1881 810 1927 hominum
841 1881 891 1925 in
923 1880 1250 1926 declamatoris
1281 1879 1353 1923 sui
1386 1878 1604 1923 notitiam
1627 1878 1806 1923 venisse
1825 1888 1968 1939 putat
2001 1882 2066 1943 (p.
2089 1887 2181 1943 55).

312 1966 366 2012 ln
398 1964 576 2026 quibus
605 1974 841 2026 quantum
871 1966 931 2011 sit
961 1964 1304 2019 hariolationis,
1356 1979 1449 2010 non
1489 1978 1612 2024 opus
1642 1972 1712 2009 est
1743 1965 1963 2025 pluribus
1992 1968 2180 2015 demon-

317 2059 475 2098 strare.
540 2052 754 2099 Profecto
785 2069 879 2099 non
910 2052 1114 2098 habebat
1146 2050 1418 2106 AhrensiuS‚
1453 2067 1537 2097 cur
1581 2049 1790 2097 Cassium
1829 2052 2053 2107 Dionem,
2095 2056 2179 2116 qui

314 2147 361 2185 et
400 2138 501 2200 ipse
541 2139 627 2184 hoc
667 2138 852 2184 dictum
891 2138 952 2184 ad
982 2139 1272 2185 Consulatus
1303 2137 1596 2184 Ciceroniani
1639 2144 1824 2196 tempus
1862 2138 2180 2202 retulit‚****)

316 2225 517 2271 Graecae
547 2225 753 2271 levitatis
782 2226 1075 2271 insimularet
1109 2229 1177 2286 (p.
1209 2228 1303 2283 39).

379 2374 413 2412 ⁸¹)
448 2374 550 2406 Hunc
573 2375 731 2408 Ahrensii
753 2384 898 2410 errorem
922 2376 989 2408 iam
1004 2375 1212 2409 Selenium-us
1234 2374 1366 2408 notavit
1390 2373 1424 2406 iu
1439 2373 1666 2409 Quaestionum
1692 2373 1976 2407 Cic-erumnarum
1997 2375 2181 2415 PartimlL

446 2439 480 2471 p.
499 2433 550 2463 19.
586 2432 772 2464 Ahrensius
796 2432 881 2464 adeo
895 2431 962 2463 sibi
983 2441 1050 2464 non
1072 2431 1224 2463 constitit
1244 2430 1279 2462 iu
1303 2430 1430 2461 ratione
1448 2439 1525 2467 sua,
1548 2433 1585 2460 ut
1597 2430 1794 2462 Ciceronem
1819 2435 1854 2462 et
1875 2432 2059 2473 diligentem
2081 2434 2182 2467 fuisse

445 2482 482 2516 in
504 2488 713 2528 temporibus
736 2488 938 2521 definiendis
959 2492 995 2521 et
1015 2500 1079 2521 non
1100 2488 1283 2530 diliyentem
1306 2487 1485 2519 affirmaret
1506 2484 1554 2527 (p.
1580 2489 1622 2518 43
1646 2490 1679 2518 et
1701 2488 1769 2525 50).

362 2553 416 2594 “)
442 2551 584 2588 Quintil.
607 2556 682 2590 inst.
705 2568 751 2589 or.
773 2559 805 2596 6,
829 2560 863 2597 3,
889 2560 970 2591 109:
1004 2558 1073 2598 „Et
1094 2561 1156 2596 est,
1179 2567 1284 2600 quum
1307 2556 1355 2588 ita
1379 2556 1477 2593 dixit,
1502 2565 1610 2597 neque
1630 2567 1760 2598 grai-em
1784 2562 1924 2589 mortem
1941 2559 2093 2591 accidere
2114 2560 2185 2593 viro

446 2608 524 2641 forti
546 2615 792 2655 posse.‘ueque
815 2613 1031 2646 immaturam
1055 2614 1246 2651 Consulari,
1271 2623 1381 2654 neque
1404 2612 1562 2644 miseram
1586 2612 1771 2653 sapienti.“

339 2680 416 2722 ⁸*‘)
446 2679 497 2712 M.
527 2679 680 2714 Annaeus
701 2683 831 2723 Seneca,
863 2682 992 2716 Suum.
1022 2686 1063 2718 6:
1099 2682 1230 2724 „Quod
1255 2681 1399 2724 grandia
1422 2681 1588 2724 loquitur,
1619 2685 1655 2715 et
1677 2681 1776 2716 dicit:
1808 2693 1896 2717 mors
1919 2693 1980 2716 nec
2002 2683 2186 2722 immatura

448 2736 636 2775 Consulem,
660 2747 724 2770 nec
746 2740 870 2772 misera
893 2739 1074 2780 sapienti.“

321 2811 418 2851 ³⁸⁰)
451 2810 581 2843 Gauius
603 2810 669 2843 Dio
689 2810 751 2851 45,
775 2812 847 2846 46:
885 2809 991 2857 „Kal
1023 2808 1043 2847 ὁ
1077 2810 1144 2859 μὲν
1169 2806 1238 2861 γὰρ
1272 2805 1446 2855 θάνατος
1471 2808 1537 2848 οὐκ
1575 2805 1624 2847 ἃν
1648 2806 1779 2859 ἄωρος,
1810 2805 1932 2854 ἄλλως
1957 2826 1997 2849 τε
2023 2813 2088 2851 καὶ
2114 2812 2184 2866 πρὸ

457 2868 644 2914 τοσούτων
677 2872 767 2913 ἐτῶν
800 2868 1026 2913 ὗπατευκῦτι
1059 2890 1136 2923 μοι,
1170 2875 1324 2925 γένοιτο·
1350 2877 1473 2914 καίτοι
1496 2869 1761 2924 μνημονεύετε,
1794 2865 1853 2911 b'n
1877 2874 1990 2914 τοῦτο
2023 2879 2106 2918 καὶ
2139 2882 2185 2920 ἐν

466 2936 587 2995 αὐτῇ
612 2939 665 2995 τῇ
688 2936 899 2991 ὑπατείᾳ
924 2937 1012 2989 ὑμῖν
1036 2935 1180 2978 εἷπον.“

1710 3016 1738 3045 E
