2699 3404
1064 267 1374 315 —XI—

287 394 674 441 commentarium
706 391 765 435 de
797 391 1044 435 consulatu
1065 390 1238 435 Graece
1270 391 1516 450 scripserat
1549 388 1628 450 (cf.
1662 388 1801 433 etiam
1822 388 2006 435 Cornel.
2029 389 2147 450 Nep.

288 482 370 530 vit.
403 481 548 529 Attic.
583 495 622 524 c.
657 477 757 536 18),
804 475 964 522 Cicero
1003 475 1204 521 voluerit
1244 481 1291 520 et
1331 489 1453 536 quae
1494 473 1683 534 gesserit
1723 480 1769 518 et
1809 490 1929 535 quae
1959 476 2149 529 dixerit,

289 588 346 616 ex
381 566 675 615 orationibus
714 564 809 609 illis
849 563 1124 624 perspicere.
1195 562 1285 607 Sed
1324 578 1417 608 non
1458 576 1625 621 magno
1662 565 1850 622 negotio
1890 564 2153 610 invenietur

288 656 425 702 huius
469 650 764 696 difficultatis
810 648 1127 710 expediendae
1172 646 1304 694 ratio.
1381 648 1539 697 Quum
1583 648 1938 718 enim·Atticus
1980 649 2037 695 de
2080 651 2150 705 iis,

289 740 464 802 quibus
505 751 599 782 non
641 735 939 789 interfuerat,
991 734 1118 780 haud
1162 733 1306 779 dubie
1350 733 1600 787 nonnulla,
1648 734 1763 780 falsa
1793 734 1854 779 ad
1885 749 1993 779 eum
2030 734 2154 780 fama

289 826 490 887 perlata,
530 838 623 867 non
665 829 720 866 ut
761 829 888 882 gesta
917 828 1049 867 erant
1080 822 1131 867 in
1164 822 1286 866 libro
1317 837 1402 866 suo
1433 820 1721 872 tradidisset,
1762 821 1924 866 Cicero
1955 837 2062 865 eum
2095 822 2153 866 de

289 910 373 963 his,
406 909 454 954 in
488 908 665 969 quibus
695 915 937 962 erraverat,
973 908 1169 953 rectiora
1200 908 1350 953 voluit
1383 907 1628 965 edocerif)
1679 907 1899 951 Ceterum
1930 909 2070 952 etiam
2102 909 2153 953 in

290 997 374 1038 hac
405 995 585 1039 ratione
619 994 982 1054 reprehendendi
1016 994 1302 1054 singularem
1335 994 1488 1046 illam,
1533 1008 1628 1051 qua
1668 993 1877 1044 excellit,
1920 994 2155 1037 urbanita-

290 1089 383 1124 tem
415 1080 551 1124 facile
582 1095 818 1138 agnoscas,

467 1190 590 1235 Satis
634 1190 769 1236 nobis
816 1191 924 1234 haec
969 1190 1098 1234 dicta
1146 1190 1366 1234 videntur
1413 1189 1475 1233 ad
1520 1190 1834 1249 suspicionem
1878 1190 1938 1233 ab
1978 1190 2155 1236 Orellio

291 1279 469 1320 illatam
504 1277 567 1319 ab
605 1277 692 1319 hoc
728 1276 832 1319 loco
863 1274 1222 1320 defendendam.
1286 1276 1376 1319 Sed
1417 1276 1578 1318 insunt
1618 1276 1760 1319 etiam
1793 1275 1885 1318 alia
1914 1277 2156 1327 nonnulla,

290 1379 318 1406 a
341 1378 512 1412 caussa,
545 1377 690 1421 quam
713 1361 938 1405 tuendam
960 1363 1259 1421 suscepimus,
1295 1377 1388 1406 non
1416 1377 1607 1420 prorsus
1627 1362 1792 1406 aliena.
1858 1363 2016 1411 Quum
2030 1363 2155 1407 enim

292 1447 495 1492 Orellius
525 1446 625 1506 ipse
655 1447 849 1499 iudicet,
880 1448 992 1492 haec
1022 1447 1089 1492 ita
1118 1464 1212 1492 esse
1242 1448 1364 1493 inter
1394 1464 1440 1492 se
1475 1462 1684 1492 connexa
1714 1453 1763 1491 et
1794 1448 2059 1507 implicata,
2103 1456 2157 1493 ut

292 1541 339 1578 et
369 1533 598 1578 orationes
630 1533 932 1595 impugnatas
965 1540 1011 1578 et
1046 1533 1324 1594 particulam
1365 1534 1499 1579 illam
1530 1532 1760 1594 epistolae
1790 1541 1873 1578 aut
1904 1550 1990 1595 pro
2022 1534 2155 1588 veris,

293 1628 375 1664 aut
404 1636 490 1679 pro
519 1620 800 1665 adulterinis
821 1622 1074 1665 habeamus
1099 1636 1276 1664 necesse
1306 1620 1381 1673 sit,
1412 1622 1500 1665 hoc
1531 1626 1654 1664 certe
1686 1621 2000 1681 consequitur,
2031 1621 2160 1667 Cice-

296 1720 474 1758 ronem,
519 1705 557 1749 si
589 1721 678 1765 pro
710 1707 991 1752 auctoritate
1024 1706 1113 1750 loci
1146 1706 1257 1751 satis
1291 1706 1425 1751 firma
1455 1715 1734 1766 argumenta
1762 1707 2033 1759 attulimus,
2065 1723 2159 1752 non

296 1807 400 1844 una,
433 1793 513 1837 sed
536 1799 744 1852 quatuor
766 1793 1058 1838 orationibus
1084 1808 1292 1838 caussam
1307 1793 1631 1838 Catilinariam
1653 1794 1898 1852 peregisse.
1961 1794 2092 1842 Quae
2123 1794 2158 1837 si

293 1885 485 1922 cunctae
516 1879 578 1923 ab
609 1855 713 1937 ipso
734 1877 1140 1937 Ciceroneeditae
1173 1879 1434 1931 exstabant,
1467 1878 1587 1924 nihil
1618 1877 1766 1923 videri
1798 1887 1954 1939 potest
1985 1878 2157 1939 impro-

295 1963 519 2017 babilius,
570 1981 712 2025 quam
753 1972 845 2011 tres
884 1958 1013 2010 teras
1055 1965 1289 2011 orationes
1329 1965 1582 2019 interiisse,
1625 1966 1672 2011 in
1712 1981 1966 2025 earumque
2003 1965 2156 2009 locum

295 2058 385 2095 tres
423 2051 562 2097 falsas
605 2050 884 2097 substitutas
929 2066 1047 2104 esse,
1093 2067 1121 2096 a
1159 2052 1340 2098 rhetore
1371 2052 1577 2113 quodam
1623 2052 1916 2112 compositas·
1979 2049 2154 2099 Quodsi

294 2136 543 2182 Sallustius
585 2138 707 2197 (Cat.
741 2154 781 2183 c.
813 2138 890 2198 31)
926 2137 1095 2192 tradit,
1149 2138 1349 2199 primam
1381 2139 1662 2190 orationem,
1707 2137 1993 2179 luculentam
2024 2136 2158 2181 illam

295 2229 438 2283 atque
469 2224 633 2269 utilem
669 2223 974 2285 reipublicae,
1012 2233 1174 2285 postea
1215 2225 1440 2284 scriptam
1472 2223 1612 2267 fuisse
1642 2222 1838 2274 editam,
1880 2223 1930 2265 id
1961 2239 2015 2267 eo
2048 2231 2161 2267 tem-

297 2323 431 2367 pore,
481 2327 579 2371 quo
620 2312 820 2372 epistola
857 2310 917 2355 ad
955 2310 1168 2355 Atticum
1210 2310 1386 2370 scripta
1416 2316 1505 2362 est,
1550 2309 1582 2353 i.
1623 2325 1663 2352 e.
1704 2307 1858 2351 tribus
1889 2311 2024 2354 annis
2054 2319 2159 2370 post

298 2395 665 2441 coniurationem
709 2412 979 2457 oppressam
1024 2398 1087 2457 (a.
1119 2397 1173 2441 U.
1207 2400 1339 2453 694),
1386 2395 1566 2439 factum
1606 2410 1699 2438 esse
1740 2393 1945 2439 videtur.
2022 2396 2159 2439 Nulla

299 2478 422 2523 enim
461 2497 622 2527 caussa
662 2483 860 2542 cogitari
899 2490 1077 2543 potest,
1129 2499 1273 2543 quare
1303 2482 1466 2527 Cicero
1498 2481 1700 2541 primam
1741 2480 2001 2525 orationem
2038 2496 2160 2540 sepa-

302 2564 452 2618 ratim,
484 2575 566 2612 aut
596 2576 852 2629 antequam
878 2569 939 2615 ad
955 2569 1169 2616 Atticum
1197 2570 1418 2623 mitteret,
1448 2568 1497 2613 in
1518 2567 1690 2628 vulgus
1720 2566 1935 2612 emiserit.
1999 2566 2162 2627 Neque

302 2660 455 2697 tamen
480 2662 688 2713 quatuor
709 2656 814 2701 illas
834 2655 1067 2702 orationes
1097 2673 1126 2702 a
1155 2672 1348 2718 corpore
1379 2656 1632 2702 orationum
1651 2653 1980 2704 Consularium,
2014 2650 2160 2711 quod,

367 2831 399 2871 ⁸)
429 2831 557 2864 Eodem
579 2831 750 2874 pertinent
774 2837 877 2869 verba
899 2838 926 2877 §.
950 2838 989 2869 2:
1033 2836 1201 2876 „Videtur
1231 2833 1320 2868 euim
1351 2833 1453 2876 (liber
1483 2834 1594 2875 meus)
1622 2842 1719 2874 posse
1747 2829 1876 2872 aliquid
1905 2831 2033 2864 nostris
2062 2832 2164 2865 rebus

432 2901 517 2935 lucis
540 2902 692 2935 afferre-‘⁶

1673 2969 1743 3001 B*
