2699 3404
1078 268 1387 315 ..lx-

308 414 453 442 nona
482 400 531 442 in
561 396 784 444 concione,
816 409 904 452 quo
935 394 1009 438 die
1025 391 1302 453 Allobroges
1332 392 1657 452 involgarunt5
1689 392 1903 437 decima
1933 393 1982 436 in
1996 390 2170 437 Senatu

310 482 460 528 Nom's
494 479 835 528 Decembribus.
866 506 926 513 —
959 479 1069 526 Hoc
1102 488 1246 526 totum
1277 484 1392 536 σῶμα
1431 479 1598 525 curabo
1630 485 1684 524 ut
1715 477 1890 524 habeas.
1958 477 2028 525 Et
2058 495 2168 540 quo·

308 572 430 616 niam
462 578 505 616 te
532 583 670 628 quum
700 568 897 627 scripta,
940 575 1034 613 tum
1065 583 1136 613 res
1161 581 1281 613 meae
1311 567 1560 619 delectant,
1616 564 1777 610 iisdem
1818 580 1875 610 ex
1907 564 2039 611 libris
2062 582 2167 627 per-

306 659 480 716 spicuae,
510 662 554 701 et
585 669 699 714 quae
724 655 942 715 gesserim
971 661 1016 698 et
1045 669 1159 714 quae
1189 652 1407 699 dixerim.-
1438 657 1521 696 aut
1540 665 1592 696 ne
1603 650 1911 711 poposcisses,·
1942 666 2025 712 ego
2051 655 2169 699 enim

307 760 375 790 me
406 742 493 788 tibi
524 741 611 800 (al.
646 740 735 787 tibi
764 741 856 797 me)
887 757 975 786 non
1008 738 1298 802 offerebamf‘

487 826 610 871 Loco
640 843 748 872 sane
778 825 1042 886 aptissimo,
1092 832 1201 887 post
1239 831 1622 871 commemoratos
1653 823 1862 869 Tulliani
1902 827 2173 872 consulatus

307 912 685 965 commentariOS‚
731 919 779 957 et
810 912 958 958 Attici
985 920 1032 957 et
1076 927 1206 966 suoS,
1252 912 1424 956 Graece
1466 910 1688 971 scriptos,
1737 912 2014 958 mentionem
2059 914 2172 959 fecit

305 1000 467 1044 Cicero
507 1001 775 1045 orationum
814 1001 1158 1045 Consularium.
1237 998 1313 1044 Ad
1357 997 1541 1044 easdem
1582 998 1780 1044 refertur
1821 997 1861 1060 ξ.
1896 1006 1974 1045 11:
2031 1000 2168 1052 „Pro-

307 1085 515 1143 gnostica
562 1102 664 1131 mea
705 1103 804 1132 cum
842 1089 1137 1134 oratiunculis
1167 1086 1442 1147 propediem
1475 1093 1756 1146 exspecta;“
1812 1085 1897 1146 qui
1941 1087 2072 1132 locus
2111 1089 2170 1134 ab

308 1172 488 1218 Orellio
512 1173 862 1233 praetermissus
884 1181 968 1220 est.
1032 1174 1150 1220 Nam
1173 1173 1210 1219 si
1234 1172 1650 1226 animadvertisset,
1682 1172 1821 1218 etiam
1845 1173 1889 1219 h.
1914 1173 1947 1219 l.
1973 1174 2168 1230 easdem,

307 1274 423 1319 quas
469 1275 497 1304 a
539 1258 694 1320 priore
740 1260 966 1321 epistolae
1012 1267 1146 1321 parte
1188 1260 1398 1305 exsulare
1444 1259 1599 1312 iubet,
1653 1258 1970 1304 oratiunculas
2010 1259 2172 1305 eiicere

308 1344 522 1391 debebat.
586 1346 766 1391 Statuit
798 1354 972 1399 autem,
1003 1353 1059 1391 ut
1090 1362 1184 1391 rem
1217 1346 1381 1407 paucis
1412 1347 1710 1406 complectar,
1743 1345 1835 1389 sic:
1881 1346 2040 1393 Quum
2073 1361 2172 1390 ora-

307 1430 468 1483 tiones,
500 1431 557 1476 de
579 1433 755 1492 quibus
786 1434 1051 1488 dubitatur,
1085 1441 1283 1494 propter
1311 1434 1488 1478 multos
1518 1448 1690 1477 errores
1720 1433 1770 1476 in
1802 1430 1859 1474 iis
1890 1431 2172 1484 commissos,

307 1524 501 1577 propter
532 1519 781 1564 sententias
812 1528 975 1566 tenues
1005 1528 1052 1564 et
1084 1520 1254 1572 inanes,
1286 1526 1482 1581 propter
1506 1519 1644 1563 verba
1665 1517 1871 1578 denique
1892 1516 2173 1562 aCiceronis

307 1605 642 1649 consuetudine
673 1607 813 1667 longe
843 1609 1162 1659 abhorrentia,
1210 1622 1391 1652 summo
1428 1613 1608 1650 oratore
1638 1605 1862 1663 indignae
1893 1605 2174 1649 iudicandae

305 1689 420 1740 sint,
462 1691 854 1735 verisimillimum
895 1708 988 1737 esse
1018 1694 1265 1753 suspicari,
1312 1701 1547 1736 auctorem
1579 1707 1760 1742 earum,
1807 1698 1862 1734 ut
1894 1692 2175 1749 aequalibus

307 1776 401 1818 suis
432 1791 506 1819 eas
536 1776 773 1821 Ciceronis
804 1795 898 1823 esse
930 1788 1083 1824 astute
1114 1779 1434 1839 persuaderet,
1472 1781 1614 1824 etiam
1647 1781 1803 1824 locum
1837 1780 1999 1829 illum,
2033 1794 2174 1838 quem

305 1860 645 1922 exscripsimus,
678 1864 904 1924 epistolae
937 1866 1002 1911 ad
1014 1866 1227 1911 Atticum
1251 1866 1519 1911 inculcasse.
1584 1865 1724 1916 Quod
1753 1881 1904 1926 quum
1937 1882 1964 1911 a
1996 1865 2173 1909 nemine

308 1945 491 1992 facilius
531 1949 652 1994 effici
692 1952 948 2010 potuisset,
1004 1969 1149 2013 quam
1189 1953 1251 1997 ab
1287 1953 1454 1998 harum
1497 1952 1805 2014 epistolarum
1847 1952 2045 2002 editore,
2095 1952 2167 1995 M.

313 2033 469 2079 Tullio
490 2036 673 2091 Tirone,
707 2039 857 2084 Marci
890 2040 1061 2084 liberto
1091 2046 1140 2083 et
1172 2040 1338 2093 scriba,
1369 2041 1494 2084 hunc
1525 2040 1679 2100 ipsum
1719 2040 1961 2097 utriusque
1994 2038 2169 2082 fraudis

307 2119 575 2166 insimulare
608 2139 700 2169 non
732 2125 924 2170 dubitat
958 2131 1025 2187 (p.
1059 2128 1180 2187 179).

487 2208 589 2268 lpse
631 2209 769 2254 sensit
800 2211 1027 2264 Orellius,
1072 2220 1253 2256 tantam
1295 2212 1629 2255 criminationis
1667 2210 1969 2254 acerbitatem
2008 2211 2173 2271 aliqua

308 2295 604 2339 excusatione
636 2313 729 2340 esse
761 2296 1048 2348 leniendam,
1094 2299 1143 2341 in
1183 2297 1369 2342 homine
1408 2297 1678 2356 praesertim
1711 2299 1834 2342 bono
1865 2307 1911 2341 et
1946 2298 2038 2343 fide
2069 2317 2172 2360 pro-

308 2377 434 2423 bato.
499 2381 676 2427 Statuit
716 2394 849 2443 ergo‚‘
895 2384 1117 2429 Tironem
1150 2383 1326 2444 gloriae
1357 2383 1547 2443 patroni
1580 2383 1845 2429 consultum
1879 2384 1937 2430 iri
1970 2395 2168 2446 putasse,

309 2463 344 2507 si
367 2463 598 2513 Catilinae
621 2469 884 2516 coniuratio
916 2479 963 2515 et
986 2470 1222 2531 patefacta
1253 2478 1299 2515 et
1330 2486 1552 2530 oppressa
1584 2486 1676 2516 non
1713 2487 1818 2525 una,
1854 2472 1935 2517 sed
1968 2481 2172 2534 quatuor

310 2550 621 2600 celebraretur
673 2557 979 2605 orationibus.
1065 2561 1127 2605 At
1172 2574 1313 2620 quam
1362 2558 1482 2603 male
1529 2558 1837 2604 consuluisset
1884 2560 2174 2606 orationibus

309 2637 584 2697 affingendis
615 2643 688 2696 iis,
721 2660 855 2704 quae,
889 2645 924 2689 si
960 2647 1033 2691 vel
1067 2645 1267 2691 maxime
1300 2644 1437 2690 fidem
1471 2645 1601 2708 apud
1632 2647 1850 2707 aequales
1880 2645 2174 2700 invenissent,

310 2731 382 2768 tot
414 2731 567 2770 tamen
601 2734 697 2774 tam
730 2730 879 2776 foedis
910 2730 1061 2786 vitiis,
1106 2731 1301 2793 quibus,
1348 2731 1526 2776 Orellio
1558 2739 1682 2777 certe
1714 2732 1888 2784 iudice,
1937 2731 2173 2785 laborant,

310 2810 481 2855 famam
533 2815 703 2858 summi
755 2818 951 2864 oratoris
1004 2818 1245 2864 indelebili
1289 2818 1338 2863 in
1386 2834 1567 2864 omnem
1621 2818 1943 2877 posteritatem
1989 2821 2176 2864 macula

311 2899 697 2947 contaminassent
712 2906 720 2946 !

1749 2990 1778 3022 B
