2699 3404
1177 327 1238 335 -
1301 300 1399 344 Vlll
1463 328 1522 335 —

403 424 618 470 oratione
652 422 860 478 censuit,
907 422 1024 470 adeo
1065 432 1111 469 et
1154 422 1242 469 sibi
1277 423 1467 485 probari
1501 423 1784 480 declaravit,
1831 435 1882 471 ut
1915 430 2158 488 quomodo
2189 448 2294 477 con-

402 514 549 563 futari
583 518 757 576 posset,
793 525 1095 573 nequaquam
1130 511 1412 572 perspiceret
1446 513 1513 572 (p.
1546 513 1678 571 241),
1719 528 1907 558 caussae
1938 522 2111 567 autem,
2144 490 2291 576 quani

401 600 628 648 tuendam
678 598 905 659 suscepit,
954 598 1095 643 etiam
1137 598 1203 642 ita
1238 597 1425 658 aliquid
1458 597 1682 657 praesidii
1713 615 1757 641 se
1792 600 2050 645 allaturum
2084 604 2289 661 putavit,

398 690 463 743 si,
509 686 642 751 quod
684 687 766 732 ille
804 684 863 728 de
903 694 1074 745 quarta
1106 684 1315 729 oratione
1347 685 1445 729 sola
1475 685 1790 729 affirmaverat
1822 713 1882 720 —
1916 703 2024 733 nam
2057 688 2114 733 de
2153 691 2288 735 tertia

398 779 512 825 satis
544 773 709 821 habuit
741 773 993 833 scrupulos
1034 773 1286 818 nonnullos
1316 772 1545 817 lectorum
1576 771 1748 817 animis
1778 771 1971 818 iniicere
2001 777 2069 836 (p.
2101 779 2287 834 148)—

397 867 445 911 id
493 863 553 908 ad
595 870 686 906 tres
727 862 959 905 orationes
993 863 1272 920 posteriores
1312 859 1544 919 pertinere
1588 857 1872 904 defenderet.
1953 861 2092 909 Quod
2140 862 2286 923 igitur

394 951 621 1001 Wolfius,
654 947 798 993 etiam
833 962 985 1007 quum
1018 945 1182 991 Turici
1216 946 1611 999 commorabatur,
1662 948 1717 992 de
1746 947 1895 993 altera
1921 947 2006 993 illa
2036 963 2094 994 ex
2125 951 2282 997 mediis

390 1039 569 1086 duabus
603 1035 765 1081 amicis
796 1033 1142 1094 discipulisque
1173 1032 1269 1078 suis
1303 1032 1663 1094 significaverat,
1694 1032 1744 1077 id
1769 1049 1919 1095 quum
1953 1035 2066 1079 olim
2099 1035 2148 1081 in
2181 1053 2282 1082 eam

389 1133 576 1187 partem
610 1119 818 1169 Orellius
854 1119 1125 1180 accepisset,
1173 1128 1225 1163 ut
1258 1120 1508 1164 subridens
1550 1121 1703 1165 virum
1746 1136 1984 1165 summum
2025 1122 2094 1167 ita
2138 1123 2278 1168 iocari

388 1213 685 1258 vehementer
716 1208 973 1253 laetaretur
1007 1206 1266 1267 (Ciceronis
1281 1208 1454 1267 Opera,
1488 1208 1562 1251 ed.
1588 1209 1734 1252 Orell.
1771 1213 1903 1259 1826,
1937 1208 2036 1254 Vol.
2061 1209 2117 1262 ll,
2149 1210 2199 1255 P.
2224 1212 2277 1265 ll,

388 1316 436 1360 p.
470 1303 553 1349 48,
587 1297 697 1340 coll.
718 1295 873 1338 Oratt.
909 1294 988 1337 sel.
1024 1310 1072 1353 p.
1109 1295 1239 1352 178):
1284 1310 1411 1337 nunc
1444 1294 1640 1353 quidem
1673 1310 1835 1339 eorum
1869 1311 1915 1339 se
1948 1295 2124 1341 iudicio
2155 1313 2279 1343 acce-

384 1386 492 1430 dere
519 1384 714 1435 fatetur,
749 1381 836 1441 qui
859 1388 1045 1440 praeter
1071 1380 1274 1440 primam
1308 1380 1456 1434 illam,
1490 1381 1540 1426 in
1560 1381 1734 1426 Senatu
1759 1381 1984 1435 habitam,
2015 1382 2274 1429 orationem

384 1472 612 1533 reliquas,
661 1486 785 1531 quae
816 1468 866 1512 in
898 1483 1061 1512 caussa
1091 1467 1373 1513 Catilinaria
1412 1484 1440 1513 a
1471 1467 1697 1514 Cicerone
1735 1468 1923 1513 habitae
1962 1469 2205 1524 feruntur,
2249 1488 2276 1516 a

386 1561 566 1603 rhetore
601 1557 829 1618 quodam,
863 1555 1059 1599 fortasse
1091 1555 1257 1613 paullo
1291 1565 1400 1614 post
1426 1554 1666 1601 Ciceronis
1696 1554 1958 1610 interitum,
1990 1557 2273 1618 compositas

379 1663 474 1689 esse
506 1653 722 1689 statuant
759 1645 828 1702 (p.
865 1642 993 1698 176).
1059 1641 1152 1686 Cui
1185 1642 1443 1687 sententiae
1474 1641 1682 1688 Orellius
1713 1658 1865 1703 quum
1898 1642 2057 1703 ipsum
2090 1642 2273 1690 Cicero-

378 1749 481 1777 nem
526 1745 791 1790 repugnare
822 1729 1126 1789 intelligeret,
1159 1727 1346 1787 quippe
1379 1727 1465 1788 qui
1498 1728 1557 1773 ad
1589 1727 1804 1773 Atticum
1837 1726 2043 1772 scribens
2073 1737 2270 1789 quatuor

378 1819 615 1865 orationes
648 1823 810 1877 aperte
845 1822 1113 1867 enumeret,
1157 1829 1351 1874 operam
1383 1813 1541 1868 dedit,
1593 1821 1645 1858 ut
1679 1829 1800 1858 novo
1834 1813 2042 1874 quodam
2075 1813 2269 1859 invento

376 1906 535 1966 ipsum
568 1903 843 1949 Ciceronem
886 1900 935 1947 in
973 1917 1056 1946 sua
1096 1917 1236 1946 causa
1279 1901 1597 1946 intestabilem
1638 1904 1856 1948 efficeret.
1926 1902 2108 1946 Novum
2143 1901 2265 1946 illud

373 2000 419 2036 et
442 1991 716 2036 inauditum
742 1989 935 2040 crimen,
970 1989 1081 2032 licet
1100 2004 1207 2032 cum
1231 2004 1298 2041 ea,
1330 1989 1389 2033 de
1412 2005 1509 2049 qua
1528 1989 1702 2049 agitur,
1735 2005 1897 2034 caussa
1919 2004 2012 2033 non
2035 1987 2265 2033 artissime

372 2074 679 2123 coniunctum
724 2077 811 2127 sit,
859 2085 1018 2120 tamen
1062 2090 1229 2134 operae
1273 2075 1477 2134 pretium
1519 2083 1588 2120 est
1621 2085 1675 2121 ut
1708 2084 2034 2136 cognoscatur.
2103 2074 2263 2121 Cicero

373 2166 430 2208 ad
466 2166 680 2211 Atticum
714 2165 825 2209 haec
857 2162 1048 2223 scripsit
1083 2165 1144 2223 (2,
1179 2169 1219 2214 1,
1253 2163 1323 2221 3):

552 2253 925 2302 „oratiunculas
964 2258 1115 2295 autem
1155 2258 1201 2295 et
1232 2268 1346 2310 quas
1383 2251 1593 2310 postulas
1623 2259 1667 2298 et
1690 2251 1850 2312 plures
1893 2250 2030 2297 etium
2061 2250 2258 2298 mittam,

369 2341 586 2397 quoniam
616 2340 798 2398 quidem
829 2354 896 2389 ea,
927 2353 1041 2397 quae
1072 2352 1153 2382 nos
1183 2337 1437 2391 scribimus,
1468 2339 1902 2385 adulescentulorum
1934 2338 2106 2383 studiis
2136 2336 2257 2380 exci-

369 2426 475 2477 tati,
511 2433 553 2471 te
585 2426 719 2470 eliam
751 2425 991 2471 delectant.
1060 2424 1175 2469 Fuit
1205 2425 1323 2470 enim
1355 2425 1471 2469 mila·
1501 2428 1792 2479 commodum,
1827 2429 1951 2487 quod
1980 2427 2029 2469 in
2056 2426 2122 2468 eis
2152 2438 2255 2466 ora-

370 2513 592 2565 tionibus,
647 2530 759 2573 quae
807 2512 1181 2572 Philippicae
1230 2513 1548 2565 nominantur,
1596 2515 1823 2558 enituerat
1868 2515 1986 2559 civis
2027 2512 2105 2555 ille
2152 2517 2256 2554 tuus

371 2599 724 2663 Demosthene3‚
770 2606 813 2645 et
844 2600 966 2659 quod
995 2614 1041 2643 se
1072 2599 1130 2643 ab
1165 2600 1247 2644 hoc
1279 2599 1602 2658 refractariolo
1641 2603 1853 2647 iudiciali
1883 2601 2063 2646 dicendi
2089 2611 2256 2659 genere

369 2685 664 2740 abiunxerat,
697 2694 750 2731 ut
783 2687 1025 2747 σεμνότερὸς
1056 2704 1117 2737 τις
1146 2693 1215 2730 καὶ
1246 2689 1553 2744 πολιτικώτερος
1572 2691 1820 2741 videretur,
1852 2704 2028 2740 curare,
2061 2691 2114 2729 ut
2134 2699 2254 2728 meae

366 2787 540 2830 quoque
585 2779 731 2818 essent
776 2771 1018 2822 orationes,
1070 2788 1184 2829 quae
1233 2772 1576 2820 Consulares
1619 2777 1977 2820 nominarentur.
2045 2771 2252 2822 Quarum

363 2877 472 2905 nna
503 2868 568 2905 est
601 2862 649 2905 in
682 2858 886 2912 Senatu,
933 2856 1049 2904 Kal.
1097 2857 1227 2914 Ian.,·
1259 2887 1320 2894 —
1351 2862 1611 2921 septima,
1658 2877 1749 2922 qua
1798 2860 2055 2908 Catilinam
2094 2860 2249 2912 emisi,-

362 2953 591 2997 oetava‚
639 2964 772 3006 quam
811 2946 954 2993 habui
993 2948 1057 2992 ad
1079 2948 1297 3008 populum
1327 2951 1553 3007 postridie
1584 2967 1718 3011 quam
1755 2948 1969 2997 Catilina
1994 2947 2246 3009 profugit,-
