2699 3404
1206 287 1268 294 —-
1331 255 1480 306 XVIII
1542 286 1604 293 --·

548 387 601 441 a)
633 398 680 429 se
701 382 795 429 iam
815 382 878 429 ab
896 382 1019 431 inito
1035 383 1303 430 Consulatu
1324 383 1374 430 in
1395 381 1593 430 summis
1612 381 1739 429 vitae
1759 380 1985 446 periculis
2003 382 2201 436 versari;
2236 393 2277 440 1,
2299 394 2343 433 2,

548 471 601 527 b)
634 485 682 516 se
713 470 859 517 etiam
893 486 1035 533 porro
1061 486 1151 533 pro
1182 471 1336 517 salute
1367 485 1561 517 suorum
1592 477 1640 516 et
1671 468 1790 531 reip.
1821 468 2152 517 incolumitate
2183 482 2347 530 quam-

623 545 848 619 cumque
878 558 1121 604 fortunam
1152 556 1453 612 subitan-uim
1487 564 1530 612 1,
1562 563 1719 610 2--2‚
1748 561 1792 603 3.

484 706 542 753 ll.
582 706 842 760 Transitio,
874 713 920 761 2,
950 711 1107 760 4—3‚
1138 712 1183 753 6.
1465 760 1471 766 ι
2188 771 2191 775 .

698 795 1008 855 Quamquam
1045 793 1105 839 de
1146 793 1348 856 periculi
1389 792 1723 855 magnitudine
1753 809 1783 840 a
1814 785 2036 839 Patribus
2075 794 2170 841 iam
2212 811 2344 856 supe-

575 881 782 928 rioribus
804 882 1005 929 decretis
1025 882 1290 929 iudicatum
1316 882 1393 936 sit,
1424 898 1471 928 se
1503 888 1661 928 tamen
1695 866 1953 928 insti-tuisse
1984 880 2035 940 (i.
2059 896 2098 926 e.
2123 881 2340 944 coepisse)

577 979 808 1032 tamquam
847 974 904 1017 de
949 988 999 1018 re
1035 974 1225 1033 integra
1263 973 1328 1017 ad
1361 986 1434 1016 eos
1475 970 1661 1030 referre.
1727 969 1778 1013 In
1817 984 1915 1029 qua
1953 967 2179 1013 relatione
2219 978 2338 1013 ante—

574 1073 723 1118 quam
755 1066 938 1119 pergat,
970 1074 1017 1103 se
1040 1060 1417 1120 praedicturum:

453 1192 531 1237 Ill.
581 1192 844 1239 Tractatio.

710 1307 768 1352 A.
839 1306 970 1359 Quae
999 1309 1096 1353 sint
1132 1306 1346 1353 Consulis
1380 1308 1441 1368 (3,
1472 1311 1631 1360 6-9,
1664 1305 1758 1365 19).

482 1414 525 1453 1.
570 1407 628 1452 de
650 1408 814 1468 sacto,
856 1406 887 1452 i.
920 1421 962 1452 e.
1000 1405 1060 1451 de
1092 1405 1294 1467 periculi
1326 1405 1673 1466 magnitudine.
1735 1404 2007 1451 Periculum
2038 1411 2086 1449 et
2118 1420 2339 1464 magnum

572 1502 657 1550 est,
690 1501 740 1540 et
773 1510 925 1556 prope
955 1493 1224 1547 imminenS‚
1255 1503 1303 1540 et
1335 1494 1430 1540 late
1462 1494 1752 1556 dispersum;
1787 1503 2037 1556 propterea
2068 1493 2203 1539 celeri
2238 1508 2343 1537 con-

572 1580 678 1626 silio
709 1596 833 1641 opus
863 1587 959 1633 est;
990 1585 1036 1633 3,
1068 1585 1115 1626 6.

478 1674 521 1713 2.
566 1667 625 1713 de
648 1684 822 1729 poena,
855 1683 896 1713 c.
928 1672 1085 1713 4-9,

538 1760 594 1811 a)
627 1756 896 1800 Sententiae
926 1754 1084 1799 adhuc
1115 1753 1271 1798 dictae
1303 1755 1450 1800 Silani
1484 1763 1531 1800 et
1563 1755 1775 1801 Caesaris
1804 1755 1874 1801 ita
1905 1762 2253 1817 comparantur,
2287 1762 2338 1797 ut

633 1842 845 1889 Caesaris
889 1840 1147 1893 sententia,
1195 1841 1305 1887 licet
1346 1843 1532 1903 populo
1563 1844 1742 1903 gratior
1765 1829 1830 1889 *et
1861 1841 2058 1890 Consuli
2089 1839 2340 1888 salutarior

630 1930 706 1984 sit,
742 1945 788 1975 re
820 1943 930 1974 vera
961 1936 1119 1974 tamen
1153 1928 1390 1974 crudelior
1420 1929 1696 1985 alteraesse
1727 1930 1986 1983 iudicetur,
2019 1945 2059 1976 c.
2092 1933 2122 1975 4
2153 1936 2201 1974 et
2231 1933 2275 1973 5.

539 2018 591 2071 b)
625 2016 821 2061 Sceleris
869 2014 1096 2060 atrocitas
1145 2022 1277 2059 tanta
1325 2024 1420 2068 est,
1485 2022 1540 2060 ut
1594 2015 1712 2061 nihil
1763 2015 1965 2062 severius
2011 2013 2158 2061 statui
2206 2028 2337 2074 posse

629 2101 861 2156 videatur,
894 2118 935 2147 c.
965 2109 1011 2148 6.

540 2193 590 2245 c)
622 2189 821 2235 Consuli
852 2190 968 2236 satis
1001 2188 1222 2250 praesidii
1265 2188 1423 2235 adesse
1463 2190 1521 2237 ad
1555 2190 1735 2245 omnia,
1784 2206 1907 2253 quae
1946 2190 2145 2236 Senatus
2185 2187 2336 2234 decre·

626 2277 762 2329 verit,
797 2276 1122 2337 transigunda‚
1156 2291 1196 2321 c.
1232 2281 1259 2324 7
1292 2283 1339 2321 et
1371 2281 1415 2322 8.

690 2363 1119 2423 (Commemoratur
1159 2363 1373 2409 omnium
1413 2363 1636 2410 ordinum
1679 2363 1741 2411 ad
1782 2379 1929 2426 remp.
1971 2360 2330 2411 conservandam

690 2449 1001 2510 conspiratio,
1051 2466 1174 2511 quae
1216 2459 1348 2496 tanta
1394 2451 1512 2504 fuit,
1560 2460 1614 2497 ut
1652 2451 1828 2497 frustra
1868 2458 2104 2510 tentatum
2143 2450 2203 2495 sit
2240 2463 2331 2500 eos,

687 2538 771 2597 qui
806 2536 855 2581 in
888 2537 1153 2582 custodiam
1188 2539 1354 2583 traditi
1388 2548 1535 2592 erant,
1571 2540 1802 2597 liberare.)

537 2625 592 2677 d)
625 2624 759 2672 Quae
791 2639 944 2683 quum
977 2623 1046 2668 ita
1078 2623 1187 2676 sint,
1220 2624 1396 2676 Patres,
1428 2642 1488 2671 ne
1520 2626 1637 2687 reip.
1668 2624 1840 2679 desint,
1874 2625 2106 2678 hortatur,
2139 2639 2178 2668 c.
2211 2628 2255 2667 9.

685 2732 752 2779 ²B.
823 2735 952 2786 Quae
991 2738 1055 2781 ad
1092 2750 1137 2781 se
1168 2738 1408 2796 privatum
1450 2737 1497 2798 (i.
1530 2753 1571 2782 e.
1613 2735 1836 2783 abdicato
1865 2732 2148 2794 Consulatu)
2181 2737 2326 2793 perti-

822 2829 974 2877 neant,
1007 2837 1047 2870 c.
1081 2829 1141 2871 10
1172 2830 1219 2869 et
1254 2830 1326 2871 ll.

469 2911 525 2963 a)
558 2923 605 2954 se
637 2924 747 2955 suae
779 2910 955 2971 gloriae
986 2910 1100 2956 satis
1130 2911 1214 2956 diu
1248 2911 1433 2966 vixisse,
1459 2926 1505 2958 c.
1543 2919 1615 2965 10,
1645 2911 1686 2976 ξ.
1712 2916 1775 2959 20
1803 2922 1851 2960 et
1883 2919 1958 2961 21.
