2699 3404
1115 243 1500 290 -ΧΧΧ-

365 373 489 419 citus
521 369 761 431 postulare
794 366 920 410 visus
950 364 1131 424 esset,·)
1163 379 1326 410 caussa
1357 365 1470 410 satis
1503 368 1755 415 necessaria
1779 367 1942 414 oblata
1973 372 2074 413 erat
2108 375 2157 413 et
2192 369 2252 415 de
2283 397 2285 400 .

365 454 607 504 sententiis
635 453 792 498 adhuc
822 451 933 497 latis
963 450 1213 497 iudicandi
1235 458 1283 497 et
1304 452 1501 497 Patrum
1532 452 1716 499 animos
1734 471 1764 501 a
1794 454 1867 501 sui
1887 453 2038 516 ipsius
2052 454 2253 515 periculi

365 541 651 605 cogitatione
704 540 766 587 ad
809 555 1108 585 communem
1154 541 1355 586 salutem
1402 538 1819 602 convertendi.”)
1907 541 2034 588 Idem
2080 548 2252 597 tamen,

365 646 518 694 quum
558 630 646 675 hac
686 627 897 673 oratioue
938 625 1060 672 nihil
1099 626 1209 671 novi
1249 627 1484 673 retulisset
1524 633 1773 688 totamque
1813 643 2046 683 caussam,
2088 644 2253 690 quam-

365 734 513 781 quam
553 716 654 778 ipse
687 714 745 759 de
777 729 832 758 ea
862 712 1178 767 iudicaverat,
1225 712 1423 763 Patrum
1455 712 1653 759 arbitrio
1694 712 2099 776 permisisset‚”*)
2132 731 2254 776 quae

365 818 469 853 tum
504 806 551 849 in
584 804 758 848 Senatu
790 801 934 845 verba
966 799 1155 850 fecerat,
1187 806 1235 843 et
1267 801 1493 844 orationis
1523 806 1569 843 et
1600 800 1843 844 relationis
1870 801 2057 844 nomine
2077 801 2254 861 signifi-

365 908 483 945 care,
523 887 583 935 de
622 902 774 948 eaque
808 902 856 932 re
886 894 934 932 et
966 901 1013 931 se
1045 884 1204 946 ipsum
1236 884 1468 930 iudicasse
1499 891 1546 930 et
1577 884 1737 930 Patres
1767 883 1995 930 iudicasse
2024 887 2253 932 affirmare

364 973 712 1039 poterat.*”⁶)
776 972 1002 1018 Ceterum
1033 971 1299 1018 Consulum
1334 971 1458 1018 inter
1486 971 1781 1018 referendum
1810 970 2129 1018 iudicantium
2160 989 2254 1019 non

364 1064 536 1110 desunt
567 1060 699 1123 apud
732 1068 908 1105 veteres
940 1059 1192 1121 scriptores
1223 1059 1458 1121 exempla,
1491 1075 1696 1121 quorum
1730 1075 1893 1115 unum,
1926 1058 2039 1105 huic
2070 1075 2256 1106 caussae

366 1151 505 1214 quasi
540 1148 798 1212 geminum,
830 1146 1045 1192 attulisse
1077 1146 1299 1193 sufficiat.
1365 1146 1535 1193 Literis
1570 1147 1625 1195 G.
1662 1148 1876 1197 Caesaris
1906 1147 1954 1193 iu
1981 1147 2158 1193 Senatu
2190 1165 2256 1194 re-

367 1239 523 1286 citatis
557 1252 708 1299 quum
742 1234 974 1281 Consules
1005 1233 1063 1279 de
1096 1250 1195 1294 rep.
1229 1233 1522 1288 retulissent,
1565 1235 1788 1289 „dixerat
1827 1235 2002 1297 aliquis
2032 1234 2253 1281 leniorem

367 1303 665 1375 sententiam,
700 1329 754 1367 ut
788 1320 945 1382 primo
976 1320 1046 1366 M.
1080 1320 1351 1373 Marcellus,
1383 1320 1617 1381 ingressus
1647 1321 1698 1366 in
1728 1337 1831 1368 eam
1860 1321 2132 1376 orationem,
2161 1337 2256 1367 non

364 1418 584 1473 oportere
615 1417 727 1455 ante
759 1407 818 1453 de
850 1423 906 1451 ea
938 1423 985 1451 re
1015 1407 1077 1452 ad
1099 1408 1323 1452 Senatum
1356 1406 1534 1460 referri,
1567 1423 1713 1468 quam
1745 1407 1956 1452 delectus
1987 1413 2089 1452 tota
2117 1407 2256 1452 Italia

366 1498 521 1545 habiti
552 1506 600 1542 et
633 1494 870 1541 exercitus
901 1493 1161 1554 conscripti
1192 1500 1370 1546 essent;
1403 1501 1457 1539 ut
1489 1494 1560 1540 M.
1581 1494 1812 1547 Calidius,
1845 1493 1931 1554 qui
1962 1493 2256 1538 censebat—

367 1593 421 1630 ut
464 1583 533 1629 M.
567 1581 827 1627 Rufus—z
883 1581 932 1626 hi
977 1595 1138 1625 omnes
1184 1579 1396 1626 convicio
1442 1581 1506 1626 L.
1550 1581 1747 1628 Lentuli
1789 1580 2004 1627 Consulis
2044 1580 2257 1640 conrepti

366 1669 750 1731 exagitabantur.
807 1667 1040 1712 Lentulus
1062 1666 1343 1712 sententiam
1358 1666 1534 1712 Calidii
1551 1667 1976 1728 pronunciaturum
2000 1680 2047 1709 se
2067 1664 2257 1709 omnino

366 1758 571 1820 negavit.
648 1754 926 1807 MarcelluS,
980 1752 1262 1814 perterritus
1303 1754 1548 1808 conviciis,
1589 1772 1618 1801 a
1649 1771 1732 1801 sua
1770 1754 2002 1801 sententia
2034 1752 2257 1798 discessit.

429 1942 464 1983 *)
497 1939 565 1972 Cic.
589 1938 662 1971 Cat.
692 1941 719 1975 l.
743 1941 775 1976 8,
799 1940 859 1970 20:
897 1937 1038 1976 „Refer,
1070 1938 1198 1980 inquis,
1230 1939 1274 1971 ad
1298 1939 1485 1978 Senatum,
1518 1938 1552 1971 id
1576 1938 1667 1971 enim
1689 1938 1863 1980 postulas,
1899 1942 1934 1970 et
1956 1937 1985 1970 si
2008 1936 2062 1969 hic
2085 1937 2168 1969 ordo
2191 1936 2258 1969 sibi

495 2007 633 2050 placere
656 2005 859 2044 decreverit,
891 2009 925 2038 te
949 2005 998 2038 ire
1022 2005 1058 2038 in
1077 2007 1249 2048 exsilium,
1273 2008 1590 2051 obtemperaturum
1613 2011 1647 2041 te
1670 2018 1748 2041 esse
1769 1998 1868 2041 dicis.
1937 2006 2017 2040 Non
2041 2007 2186 2040 referam
2209 2006 2256 2039 id.

497 2077 592 2122 quod
615 2077 779 2111 abhorret
801 2086 823 2110 a
843 2077 929 2110 meis
947 2076 1120 2116 moribus;
1142 2078 1203 2110 sed
1228 2083 1344 2111 tamen
1367 2078 1504 2117 faciam,
1529 2082 1567 2110 ut
1582 2078 1774 2119 intellegas,
1796 2077 1879 2120 quid
1901 2077 1935 2109 hi
1953 2077 1998 2110 de
2013 2082 2047 2110 te
2070 2077 2255 2110 sentiant.“

496 2149 658 2182 Ceterum
692 2148 726 2180 h.
761 2147 784 2180 Ι.
817 2159 937 2180 comma
971 2151 1052 2188 post
1085 2148 1131 2185 id,
1168 2158 1236 2180 non
1269 2152 1350 2189 post
1381 2148 1524 2191 reseram
1557 2147 1754 2189 ponendum
1784 2147 1915 2189 putavi.
1972 2147 2062 2181 Nam
2085 2147 2121 2180 id
2143 2147 2256 2189 ipsum

494 2218 666 2263 „reserre“
690 2227 758 2250 uon
781 2221 918 2260 poterut
941 2216 1126 2250 abhorrere
1149 2227 1169 2249 a
1193 2217 1347 2251 moribus
1371 2216 1528 2251 Consulis.

411 2308 467 2349 *·)
492 2305 569 2340 Non
592 2307 708 2349 potest
728 2302 881 2347 iniquius
904 2303 948 2337 de
971 2304 1126 2339 oratione
1148 2308 1273 2347 quarta
1295 2303 1442 2339 iudicari
1464 2315 1568 2347 quam
1592 2304 1773 2338 Ahmsiue
1795 2304 1877 2338 fecit
1895 2303 1944 2347 (p.
1960 2305 2058 2347 167):
2081 2304 2154 2341 „Tu
2176 2314 2256 2337 vero

497 2372 660 2404 acerrime
679 2376 844 2404 accusato
868 2376 1051 2412 oratorem,
1074 2373 1132 2416 qui
1157 2373 1273 2406 omnia
1296 2383 1341 2406 ex
1365 2373 1438 2407 suis
1460 2373 1627 2407 molestiis
1649 2373 1893 2417 perpendenda
1915 2376 2044 2413 censet,
2073 2371 2132 2416 qui
2155 2372 2257 2406 iusti-

495 2442 565 2475 tiae
586 2452 629 2474 ne
651 2442 757 2474 verbo
780 2441 920 2483 quidem
943 2442 1027 2474 facit
1050 2443 1270 2482 mentionem,
1300 2443 1358 2485 qui
1383 2443 1417 2475 in
1442 2443 1614 2481 omnibns,
1637 2453 1727 2484 quae
1750 2441 1844 2481 dicit,
1867 2442 2043 2475 immemor
2066 2447 2128 2479 est.
2151 2452 2253 2485 quam

497 2511 706 2544 Consulatus
727 2512 793 2554 ipsi
817 2521 1002 2554 personam
1025 2522 1163 2552 gravem
1187 2517 1410 2555 sanctamque
1430 2512 1642 2554 imposuerit,
1665 2518 1701 2546 et
1720 2524 1762 2546 ne
1779 2514 1936 2546 utilitatis
1946 2512 2083 2556 quidem
2097 2513 2254 2556 publicae

496 2581 601 2615 habet
624 2580 826 2615 rationem.“
873 2583 962 2616 Tota
985 2582 1139 2624 profecto
1163 2583 1326 2616 reclamat
1347 2583 1469 2616 oratio.

390 2669 468 2712 **’)
500 2669 569 2703 Cic.
594 2669 669 2704 Cat.
694 2672 728 2708 4,
754 2673 806 2711 ll,
830 2674 893 2704 23:
918 2670 1094 2710 „Habetis
1117 2680 1195 2703 eum
1221 2670 1419 2710 Consulem,
1442 2670 1502 2714 qui
1526 2681 1645 2712 parere
1669 2671 1792 2705 vestris
1817 2671 1964 2704 decretis
1985 2683 2054 2705 non
2079 2670 2247 2702 dubitet.“

367 2758 460 2800 ”*’·)
491 2757 561 2792 Cic.
583 2759 628 2792 ad
649 2758 726 2793 An.
752 2760 781 2797 l,
805 2760 846 2791 2:
872 2757 1044 2798 „Decima
1064 2756 1203 2800 (oratio)
1228 2757 1263 2791 in
1287 2758 1432 2798 Senatu,
1459 2758 1548 2792 Non.
1572 2759 1684 2793 Dec.“
1727 2758 1788 2792 Or.
1812 2759 1846 2792 in
1870 2760 1945 2793 Pie.
1970 2764 2003 2797 ⁷,
2030 2761 2088 2791 14:
2135 2756 2250 2794 „Nam

496 2826 617 2860 relatio
639 2827 699 2861 illa
723 2826 888 2861 salutaris
906 2829 942 2859 et
963 2825 1112 2869 diligens
1134 2826 1246 2861 suerat
1268 2828 1451 2869 Consulis3
1485 2828 1737 2864 animadversio
1767 2829 1904 2874 quidem
1933 2834 1968 2863 et
1995 2826 2159 2861 iudicium
2183 2827 2247 2861 Se-

500 2900 637 2929 natus.“
683 2898 742 2929 Ad
765 2899 839 2930 Ate.
867 2900 919 2935 12,
942 2900 1006 2928 21:
1033 2896 1161 2935 „Quod
1183 2914 1227 2920 —
1250 2898 1324 2939 ipse
1347 2898 1604 2931 iudicaverim.“
