2699 3404
1095 277 1349 324 —XXV
1414 304 1471 311 —

353 401 561 449 oratione
595 402 727 463 apud
766 399 1044 446 Sallustium
1083 399 1363 460 diligentius
1403 406 1699 460 comparato,
1758 399 1936 446 nullam
1977 417 2072 447 esse
2112 400 2227 447 utri-

356 506 504 552 usque
529 485 772 550 scriptoris
793 504 847 535 ea
862 486 921 534 de
949 504 997 534 re
1017 484 1350 534 dissensionem
1373 484 1603 533 intellexi.
1657 485 1777 534 Nam
1799 485 1930 547 apud
1945 485 2224 533 Sallustium

353 593 545 639 quoque
570 574 740 620 Caesar
768 589 861 627 non
892 573 1057 620 Porcia
1087 572 1205 633 lege,
1237 571 1317 617 sed
1343 572 1631 634 Sempronia,
1664 588 1761 634 qua
1793 573 1892 618 sola
1923 579 2107 633 poterat
2138 574 2224 618 hac

351 663 399 709 in
439 676 600 709 caussa
639 661 737 714 uti,
782 661 1061 707 sententiam
1103 674 1235 704 suam
1275 661 1539 704 confirmat.
1612 661 1769 708 Quum
1800 659 1926 703 enim
1961 659 2031 703 ita
2075 660 2223 705 dicat:

353 750 491 804 ‚‚Sed,
524 763 609 807 per
628 747 748 792 Deos
769 746 1074 792 immortalis!
1110 761 1254 806 quam
1277 746 1340 791 ob
1369 761 1466 790 rem
1488 745 1538 790 in
1570 747 1842 791 sententiam
1860 760 1954 791 non
1974 745 2222 791 addidisti:

352 831 565 891 (Silam),
599 832 668 877 uti
703 833 834 893 prius
865 831 1136 877 verberibus
1166 831 1216 877 in
1247 847 1324 876 eos
1356 830 1837 877 animadvortet-etur?
1899 834 1972 878 An
2004 833 2120 894 quia
2151 835 2226 880 lex

354 919 533 966 Porcia
562 919 719 965 vetat?
783 919 847 965 At
877 918 994 964 aliae
1025 918 1149 980 leges
1179 918 1295 963 item
1327 916 1651 963 condemnatis
1681 916 1865 961 civibus
1896 932 1988 961 non
2020 919 2223 964 animam

351 1004 491 1066 eripi,
526 1004 605 1049 sed
636 1005 856 1050 exsilium
888 1004 1102 1065 permitti
1135 1005 1337 1049 iubent“
1370 1005 1502 1064 (Sall.
1534 1020 1575 1048 c.
1598 1011 1673 1058 51,
1708 1003 1749 1066 ξ.
1782 1010 1839 1048 21
1867 1011 1914 1046 et
1936 1005 2034 1063 22):
2066 1013 2225 1064 aperte

350 1088 545 1143 indicat,
579 1090 859 1135 sententiam
882 1089 1028 1135 Silani
1057 1105 1151 1136 non
1183 1105 1290 1135 cum
1322 1091 1424 1151 lege
1441 1091 1620 1145 Porcia,
1655 1091 1734 1135 sed
1767 1105 1875 1135 cum
1906 1090 2013 1134 aliis
2044 1091 2226 1151 legibus

351 1191 574 1237 pugnare.
651 1176 815 1238 Neque
853 1177 992 1222 aliter
1034 1176 1083 1221 in
1128 1176 1288 1222 eadem
1333 1178 1542 1222 oratione
1583 1177 1893 1237 intelligenda
1939 1186 2049 1222 sunt
2088 1180 2227 1223 verba

347 1263 387 1326 ξ.
420 1268 502 1310 24:
577 1264 703 1317 „Qui
744 1264 961 1309 convenit
1000 1264 1052 1309 in
1094 1263 1272 1309 minore
1313 1264 1505 1325 negotio
1552 1264 1701 1325 legem
1747 1263 1911 1309 timere
1958 1264 2226 1326 (Porciam),

350 1366 501 1411 quum
542 1365 642 1395 eam
685 1350 1044 1411 (Semproniam)
1088 1352 1136 1396 in
1171 1351 1346 1396 maiore
1378 1350 1706 1411 neglexeris?“
1769 1351 1920 1396 Cuius
1950 1351 2227 1411 interpreta-

349 1436 491 1481 tionis
523 1436 693 1481 veritas
724 1438 993 1484 confirmari
1027 1445 1184 1499 potest
1213 1437 1355 1483 etiam
1388 1438 1492 1482 loco
1526 1436 1566 1499 ξ.
1598 1443 1661 1484 39
1690 1443 1737 1482 et
1768 1441 1849 1482 40:
1914 1437 2030 1490 „Sed
2060 1437 2226 1484 eodem

349 1524 432 1568 illo
466 1532 689 1583 tempore,
721 1523 941 1569 Graeciae
973 1540 1150 1570 morem
1181 1523 1372 1577 imitati,
1404 1524 1676 1570 verberibus
1706 1523 2145 1571 animadvortebant
2177 1527 2225 1571 in

349 1610 486 1663 civis,
538 1610 596 1655 de
643 1609 963 1656 condemnatis
1005 1626 1242 1656 summum
1285 1610 1576 1670 supplicium
1630 1611 1891 1656 sumebant.
1965 1610 2225 1673 Postquam

353 1712 469 1756 resp.
503 1696 710 1740 adolevit
741 1704 789 1739 et
821 1698 1130 1742 multitudine
1171 1698 1346 1742 civium
1389 1697 1615 1742 factiones
1648 1698 1854 1749 valuere,
1898 1696 2226 1743 circumveniri

350 1784 638 1836 innocentes,
685 1782 779 1827 alia
818 1781 1141 1829 huiuscemodi
1183 1783 1283 1828 fieri
1316 1798 1527 1843 coepere:
1568 1791 1672 1828 tum
1703 1785 1783 1829 lex
1815 1783 1981 1828 Porcia
2002 1783 2227 1845 aliaeque

350 1870 474 1930 leges
506 1875 697 1929 paratae
728 1876 854 1924 sunt,
887 1871 1063 1931 quibus
1093 1869 1276 1931 legibus
1307 1870 1525 1916 exsilium
1546 1870 1785 1916 damnatis
1805 1869 2086 1930 permissum
2106 1878 2223 1916 est.“

351 1955 500 2002 Verba
530 1963 790 2017 postrema,
843 1972 950 2002 cum
983 1957 1200 2018 proxime
1231 1956 1619 2003 antecedentibus
1660 1963 1956 2018 comparata,
1998 1956 2062 2000 sic
2091 1965 2223 2017 patet

351 2042 617 2103 supplenda
661 2058 778 2088 esse:
831 2050 934 2089 tum
977 2046 1051 2091 lex
1084 2045 1266 2092 Porcia
1306 2052 1471 2106 parata
1509 2053 1604 2097 est,
1650 2060 1703 2090 ne
1740 2045 1933 2104 amplius
1971 2044 2222 2088 verberibus

352 2132 403 2174 in
433 2130 544 2175 civis
568 2130 1032 2186 animadvorteretur‚·
1064 2133 1184 2178 aliae
1206 2135 1340 2194 leges,
1374 2139 1428 2175 ut
1453 2132 1639 2177 Valeria
1659 2138 1706 2173 et
1728 2131 2011 2188 Sempronia,
2044 2128 2222 2189 quibus

350 2215 539 2275 legibus
570 2214 790 2260 exsilium
821 2216 1055 2262 damnatis
1085 2219 1363 2278 permissum
1395 2224 1486 2268 est,
1531 2224 1720 2276 paratae
1757 2223 1889 2268 sunt,
1936 2232 1989 2262 ne
2026 2218 2223 2277 amplius

351 2304 404 2347 de
450 2305 757 2348 condemnatis·
808 2302 1011 2363 (indicta
1060 2304 1118 2348 ad
1167 2305 1400 2365 populum
1449 2307 1631 2361 caussa)
1682 2318 1898 2347 summum
1947 2305 2223 2363 supplicium

351 2399 613 2435 sumeretur.
678 2391 729 2434 In
769 2391 959 2435 eandem
1001 2392 1278 2436 sententiam
1324 2383 1571 2450 utriusque
1616 2391 1730 2449 legis
1760 2389 1855 2433 vim
1886 2391 2220 2449 interpretatus

352 2485 418 2520 est
455 2476 616 2522 Cicero
657 2481 705 2522 in
746 2495 811 2523 or.
848 2496 926 2538 pr.
964 2479 1019 2525 C.
1056 2480 1288 2532 Rabirio,
1324 2480 1652 2539 perduellionis
1684 2495 1778 2530 reo,
1822 2494 1861 2523 c.
1895 2484 1945 2523 4:
2010 2479 2219 2530 „Porcia

353 2566 429 2608 lex
461 2563 612 2622 virgas
638 2566 699 2609 ab
721 2566 930 2610 omnium
964 2567 1138 2611 civium
1161 2567 1479 2612 Romanorum
1513 2581 1707 2624 corpore
1731 2567 1933 2621 amovit;
1969 2565 2128 2610 Porcia
2147 2566 2219 2610 lex

353 2652 615 2709 libertatem
641 2653 816 2697 civium
832 2652 987 2697 lictori
1004 2654 1203 2714 eripuit:
1239 2653 1295 2700 C.
1314 2655 1553 2699 Gracchus
1573 2653 1723 2711 legem
1747 2652 1875 2706 tulit,
1908 2669 1964 2696 ne
1983 2652 2040 2696 de
2065 2652 2222 2711 capite

353 2739 528 2783 civium
543 2738 859 2803 Romanorum
879 2739 1057 2783 iniussu
1084 2749 1236 2785 vestro
1261 2739 1597 2784 iudicaretur.“
1646 2740 1776 2785 Idem
1800 2747 2045 2797 utramque
2067 2738 2220 2799 legem

354 2820 599 2885 coniungit
623 2823 671 2870 in
699 2825 964 2870 narratione
986 2825 1043 2870 de
1056 2824 1107 2871 P.
1123 2826 1286 2880 Gavio,
1318 2825 1421 2874 cive
1434 2825 1658 2878 Romano,
1693 2823 1840 2868 Verris
1860 2822 2157 2872 immanitate
2174 2834 2222 2871 et

354 2911 498 2971 virgis
519 2914 649 2957 caeso
670 2918 716 2956 et
737 2910 785 2955 in
800 2925 986 2956 crucem
1008 2920 1159 2971 rapto.
1196 2913 1338 2973 (Verr.
1353 2919 1397 2966 5,
1411 2919 1497 2959 63:
1528 2912 1603 2964 „O
1620 2925 1786 2955 nomen
1800 2908 1941 2953 dulce
1964 2910 2216 2957 libertatis!

1705 3010 1734 3039 n
