2699 3404
1093 343 1152 349 —-
1217 315 1418 361 XXXIV
1481 343 1540 350 —

561 442 609 488 {n
663 441 812 487 altero
861 441 965 486 loco
1006 438 1170 485 Cicero
1222 438 1281 483 de
1320 438 1437 483 actis
1483 438 1533 482 in
1571 437 1746 484 Senatu
1786 436 1930 483 Nonis
1972 437 2083 481 Dec.
2138 439 2245 483 haec

375 527 561 588 scripsit
599 530 664 573 ad
695 529 907 575 Atticum
951 529 1043 588 (12,
1073 534 1150 579 21,
1192 527 1258 585 1):
1300 526 1467 587 „Legi
1501 525 1654 569 Bruti
1681 527 1916 585 epistolam
1946 540 2129 584 eamque
2160 527 2246 572 tibi

371 618 545 670 remisi,
587 632 695 663 sane
733 634 821 663 non
854 619 1108 677 prudenter
1144 616 1411 675 rescriptam
1448 614 1512 658 ad
1539 629 1612 664 ea,
1656 627 1770 671 quae
1806 613 2090 673 requisieras.
2155 610 2249 660 Sed

372 706 470 764 ipse
500 705 699 749 viderit:
730 718 1001 762 quamquam
1036 703 1157 747 illud
1187 702 1384 760 turpiter
1413 701 1619 760 ignorat.
1677 697 1896 745 Catonem
1911 700 2112 758 primum
2142 715 2239 745 sen-

373 793 560 837 tentiam
595 798 739 851 putat
778 793 833 835 de
874 790 1262 835 animadversione
1302 788 1503 833 dixisse:
1547 801 1682 846 quam
1711 789 1870 830 “omnes
1899 792 2004 832 ante
2034 787 2245 831 dixerant

362 882 555 935 praeter
580 873 847 921 Caesarem:
879 884 922 920 et
952 893 1090 935 quum
1121 879 1267 936 ipsius
1301 874 1512 921 Caesaris
1545 881 1637 918 tam
1667 889 1819 919 severa
1835 871 2007 931 fuerit,
2040 874 2120 932 qui
2152 880 2245 918 tum

360 964 601 1020 praetorio
634 964 731 1007 loco
763 964 953 1013 dixerit,
998 962 1324 1008 Consularium
1346 968 1490 1021 putat
1521 960 1707 1006 leniores
1727 959 1893 1018 fuisse,
1930 957 2106 1013 Catuli,
2140 958 2242 1005 Ser-

365 1049 487 1100 vilii,
535 1048 850 1097 Lucullorum,
896 1047 1131 1101 Curionis,
1181 1047 1429 1107 Torquati,
1462 1046 1649 1106 Lepidi,
1684 1044 1845 1097 Gellii,
1901 1044 2118 1098 Volcani,
2164 1045 2241 1091 Fi-

361 1137 497 1199 guli,
535 1135 721 1187 Cottae,
757 1136 821 1180 L.
849 1134 1078 1187 Caesaris,
1115 1135 1170 1181 C.
1193 1135 1403 1185 Pisonis,
1434 1131 1665 1180 M'Acilii
1691 1132 2042 1189 Glabrionis,*)
2075 1132 2243 1187 Silani,

369 1222 636 1276 Inuraenae,
670 1225 1020 1285 designatorum
1041 1223 1304 1270 Consulum.
1371 1222 1470 1269 Cur
1502 1240 1614 1285 ergo
1645 1224 1694 1267 in
1723 1223 1990 1268 sententiam
2026 1219 2245 1267 Catonis?

368 1307 493 1360 Quia
535 1309 685 1356 verbis
727 1310 1103 1357 luculentioribus
1151 1318 1195 1356 et
1228 1310 1442 1371 pluribus
1481 1324 1573 1356 rem
1612 1311 1794 1355 eandem
1831 1309 2240 1369 comprehenderat.

365 1393 449 1441 .Me
495 1404 646 1442 autem
696 1398 772 1443 laic
816 1397 995 1450 laudat,
1048 1398 1171 1457 quod
1212 1398 1458 1450 retulerim,
1506 1411 1596 1442 non
1626 1398 1749 1457 quod
1768 1396 2080 1457 patefecerim,
2123 1399 2245 1456 quod

363 1481 631 1529 cohortatus
661 1484 772 1536 sim,
812 1485 935 1543 quod
965 1485 1176 1545 denique,
1209 1491 1450 1545 antequam
1480 1485 1773 1537 consulerem,
1803 1484 1897 1544 ipse
1928 1482 2239 1526 indicaverim.

366 1567 494 1619 Quae
531 1572 686 1616 omnia
738 1572 850 1631 quia
895 1569 1015 1617 Cato
1046 1570 1261 1616 laudibus
1291 1572 1521 1617 extulerat
1561 1572 1610 1615 in
1638 1572 1807 1616 coelum
1831 1570 2238 1629 perscribendaque

359 1665 614 1710 censuerat,
664 1659 836 1703 idcirco
877 1660 925 1702 in
964 1659 1060 1703 eius
1097 1660 1367 1703 sententiam
1413 1665 1479 1703 est
1495 1658 1636 1717 sacta
1667 1658 1892 1703 discessio,
1958 1655 2060 1700 Hic
2089 1662 2237 1700 autem

358 1760 402 1787 se
432 1746 573 1789 etiam
606 1745 804 1791 tribuere
834 1745 1027 1790 ocultum
1057 1745 1173 1791 milui
1198 1751 1353 1804 putat,
1386 1745 1509 1805 quod
1537 1745 1770 1805 scripserit
1803 1738 2091 1806 ,moptimum
2116 1740 2234 1789 Con-

360 1832 591 1875 sulem.““
658 1831 776 1884 Quis
804 1833 924 1878 enim
956 1832 1156 1878 ieiunius
1188 1832 1315 1879 dixit
1346 1831 1623 1879 inimicus?“

544 1950 638 1996 Qui
672 1949 716 1992 h.
750 1950 784 1991 l.
817 1965 845 1992 a
874 1949 1100 1993 Cicerone
1130 1958 1360 1994 notantur
1390 1948 1529 1994 Bruti
1560 1965 1760 2000 errores,
1793 1964 1870 1994 eos
1900 1947 2109 2009 primum
2147 1962 2237 1994 non

357 2033 405 2076 in
453 2032 658 2092 epistola
702 2032 764 2079 ad
806 2034 1023 2079 Atticum
1070 2035 1317 2097 rescripta,
1370 2035 1450 2082 sed
1495 2036 1546 2081 in
1593 2033 1717 2082 libro
1757 2049 1836 2089 e0,
1890 2049 2033 2097 quem
2074 2039 2238 2079 contra

354 2117 568 2165 Caesaris
606 2128 653 2165 et
687 2119 832 2166 Hirtii
871 2120 1080 2167 eiusdem
1121 2122 1388 2182 argumenti
1429 2121 1576 2168 libros
1614 2124 1669 2169 de
1706 2123 1918 2169 laudibus
1959 2119 2235 2175 Catonis”)

354 2205 620 2265 scripserat,
652 2206 933 2254 commisisse
957 2207 1200 2268 putandus
1237 2215 1321 2254 est.
1387 2209 1439 2256 ln
1473 2224 1571 2271 quo
1601 2209 1726 2255 libro
1758 2225 1910 2272 quum
1932 2208 2093 2255 Attico
2125 2222 2238 2252 non-

355 2290 488 2337 nulla
518 2299 603 2337 aut
634 2291 805 2338 omissa
832 2291 929 2339 visa
959 2300 1124 2347 essent,
1158 2301 1242 2340 aut
1270 2293 1387 2341 falso
1413 2294 1603 2350 tradita,
1638 2295 1815 2342 Brutus
1835 2296 1877 2341 ei
1898 2295 1959 2341 a'd
1980 2296 2091 2340 haec
2114 2309 2234 2355 quae

404 2483 441 2526 *)
485 2482 650 2526 vulgaris
671 2484 842 2528 scriptura
866 2484 992 2525 „etiam
1007 2484 1292 2519 M'Glabrionis“
1317 2487 1381 2519 boc
1403 2488 1509 2520 habet
1530 2488 1751 2526 incommodi,
1773 2489 1865 2530 quod
1888 2490 1936 2521 ita
1960 2498 2027 2520 non
2049 2488 2118 2520 duo
2135 2489 2227 2520 Con-

481 2554 574 2588 sules
595 2554 782 2596 designati,
813 2556 874 2589 sed
898 2561 967 2588 tres
990 2556 1157 2588 nominari
1183 2557 1373 2589 videantur.
1432 2558 1505 2588 Iam
1529 2568 1632 2599 quum
1656 2557 1692 2590 in
1715 2558 1825 2591 Codd.
1847 2557 1950 2591 eliam
1973 2557 2041 2590 alin
2062 2556 2230 2598 scriptura

481 2623 557 2663 „M.
581 2623 685 2657 Annii
709 2624 854 2659 Glabr.“
879 2630 1013 2664 exstet,
1037 2636 1121 2668 ego,
1150 2626 1278 2660 omisso
1308 2637 1382 2660 voc.
1405 2627 1520 2667 etiam,
1553 2637 1669 2661 verum
1693 2637 1816 2661 nomen
1841 2627 2072 2669 reponendum
2097 2626 2226 2668 putavi.

478 2693 610 2727 Consul
640 2692 705 2726 suit
735 2703 766 2725 a.
788 2696 865 2733 687,
889 2695 1019 2737 collega
1043 2695 1082 2731 C.
1107 2695 1295 2737 Calpurnio
1319 2696 1462 2729 Pisone.

392 2762 441 2801 ’ἢ
471 2761 635 2794 Eiusdem
668 2761 746 2794 libri
779 2763 905 2795 mentio
936 2764 1027 2796 sacta
1059 2769 1111 2796 est
1140 2764 1175 2797 in
1208 2776 1255 2808 ep.
1278 2766 1322 2797 ad
1342 2766 1449 2798 Attie.
1471 2766 1541 2805 (13,
1564 2767 1643 2809 46):
1677 2766 1789 2799 Multa
1819 2767 1863 2799 de
1892 2779 1959 2799 meo
1982 2766 2120 2804 catone,
2156 2776 2224 2808 quo

479 2831 679 2874 saepissime
709 2830 857 2873 legendo
888 2841 925 2864 se
958 2832 1041 2865 dicit
1070 2834 1292 2875 copiosiorem
1324 2835 1468 2875 factum,
1503 2835 1609 2868 Bruti
1632 2834 1752 2868 Catone
1774 2835 1862 2870 lecto
1884 2847 1921 2870 se
1944 2833 2008 2868 sibi
2031 2834 2142 2867 vinum
2165 2835 2218 2868 di-

478 2903 647 2933 sertum.“
693 2901 722 2933 A
754 2900 909 2934 Suetonio
938 2901 973 2935 in
1002 2903 1069 2935 vita
1095 2903 1181 2945 Any.
1211 2904 1257 2944 (c.
1290 2905 1347 2944 85)
1382 2905 1546 2947 rescripta
1579 2904 1640 2943 (ab
1671 2905 1839 2948 Augusto)
1878 2907 1986 2938 Bruto
2016 2904 2060 2937 de
2090 2904 2220 2937 Catone

476 2975 791 3004 commemorantur.

2605 527 2619 678 αψὴἶη,
