2699 3404
2 961 10 990 ...v

1058 314 1115 321 -—
1181 286 1344 334 XXIII
1405 314 1466 321 —

325 427 534 475 quarum
566 411 927 465 Consularium,
966 425 1088 473 quas
1118 411 1298 457 Cicero
1327 410 1585 456 domestico
1615 409 1717 454 otio
1761 411 2052 470 perscripsit,
2097 410 2209 453 adu-

318 500 684 546 lescentulorum
718 498 890 544 studiis
919 499 1156 545 excitatus
1185 497 1265 556 (ad
1299 498 1400 544 Att.
1431 504 1477 552 2,
1510 497 1574 556 1).

497 636 595 682 lam
630 650 751 687 vero,
785 636 937 680 missis
955 635 1195 688 actuariis,
1226 636 1286 679 ad
1311 636 1494 696 reliqua
1513 650 1699 678 caussae
1721 634 1882 695 capita
1904 644 2204 679 transeamus.

313 720 644 773 Quaerendum
678 720 930 774 est.enim‚
963 709 1071 782 ‘quo
1103 720 1302 768 consilio
1334 728 1495 767 orator
1526 720 1700 766 dixisse
1732 720 1970 773 videatur,
2012 736 2134 781 quae
2162 723 2203 766 ei

313 809 474 854 oblata
506 806 649 853 fuerit
689 806 880 854 dicendi
910 807 1262 870 opportunitas,
1306 816 1354 853 et
1392 824 1453 853 an
1493 816 1703 853 veterum
1754 809 2038 870 scriptorum
2081 808 2207 853 testi-

314 894 498 948 moniiS‚
530 904 763 951 oratorem
797 906 903 941 vere
936 912 989 942 ea
1023 912 1159 942 usum
1191 912 1302 951 esse,
1335 895 1606 942 confirmari
1639 896 1801 958 possit.

494 1045 566 1089 De
600 1046 792 1090 consilio
835 1043 1083 1098 orationis,
1134 1045 1171 1090 si
1214 1044 1287 1090 vel
1326 1042 1399 1090 ab'
1428 1044 1670 1106 imperitia
1712 1043 1919 1104 quadam
1958 1043 2202 1096 scribendi,

314 1130 385 1175 vel
415 1146 442 1174 a
473 1116 738 1192 scripturae
770 1130 1052 1190 corruptelis
1084 1131 1357 1184 discesseriS‚
1391 1140 1445 1176 ut
1464 1131 1791 1192 mihiquidem
1810 1130 2016 1181 videtur,
2051 1130 2201 1175 rectis-

310 1217 425 1261 sime
456 1217 685 1262 iudicavit
717 1217 781 1270 is,
822 1234 966 1278 quem
1000 1218 1253 1262 Ahrensius
1285 1234 1343 1262 ne
1377 1218 1666 1263 intellexisse
1697 1217 1888 1278 quidem
1922 1216 2201 1261 sententiam

310 1304 509 1348 oratoris
540 1315 697 1349 censet
736 1310 807 1365 (p.
844 1310 975 1363 160),
1005 1307 1271 1351 scholiastes
1306 1305 1653 1358 Gronovianus‚
1686 1303 1830 1349 seculi
1862 1303 2020 1364 quinti
2053 1308 2204 1362 gram-

310 1390 527 1444 maticus,
558 1390 695 1437 cuius
725 1400 881 1438 exstat
918 1391 1286 1437 commentarius
1327 1391 1376 1435 in
1414 1399 1508 1436 tres
1539 1392 1773 1436 orationes
1806 1389 2098 1451 posteriores,
2162 1389 2203 1433 ls

311 1477 480 1538 igitur
504 1478 768 1540 (Ciceronis
807 1490 967 1541 opera,
1015 1478 1089 1524 ed.
1133 1478 1276 1524 Orell.
1317 1477 1419 1523 vol.
1454 1477 1508 1531 V,
1551 1476 1603 1522 P.
1640 1477 1705 1546 Il,
1746 1492 1796 1537 p.
1829 1477 1943 1536 410)
1990 1477 2198 1528 „Quum‚

310 1566 485 1626 inquit,
518 1566 718 1611 relatum
751 1575 868 1612 esset
896 1567 957 1612 ad
978 1566 1204 1610 Senatum
1227 1573 1350 1618 ante,
1383 1574 1430 1610 et
1455 1578 1588 1610 more·
1605 1563 1819 1609 omnium
1855 1564 2014 1625 (primi
2044 1565 2188 1609 Orell.

310 1652 586 1712 interrogati
626 1661 776 1705 essent
822 1652 1074 1696 sententias
1117 1652 1347 1697 Consules
1395 1652 1651 1711 designati,
1701 1652 1835 1711 prior
1883 1651 2197 1711 interrogatus

309 1737 516 1790 Silanus,
548 1737 726 1783 Consul
760 1737 1049 1798 designatus,
1091 1746 1244 1794 morte
1274 1738 1495 1784 multavit
1528 1739 1814 1786 coniuratos.
1880 1739 2197 1798 interrogatus

307 1834 416 1885 post
448 1842 555 1869 eum
588 1825 758 1869 Caesar
789 1824 1025 1871 dissuasit.
1092 1824 1303 1872 Necdum
1327 1823 1537 1870 Caesaris
1574 1825 1855 1872 sententiam
1888 1824 2029 1872 solvit
2061 1824 2193 1870 Cato.

307 1913 394 1957 Sed
415 1913 581 1957 Cicero
612 1921 724 1957 ante
755 1912 936 1965 retulit,
968 1923 1016 1957 et
1047 1913 1113 1958 sic
1137 1911 1394 1958 auctoritas
1425 1913 1573 1959 crevit
1595 1913 1792 1961 Catonis
1823 1920 1931 1974 post
1958 1910 2193 1959 Ciceronis

307 1998 598 2045 relationem.
665 1998 882 2059 Denique
913 1999 1090 2045 Consul
1125 2015 1219 2044 non
1251 1998 1393 2045 debet
1427 1998 1611 2053 referre,
1650 1978 1738 2046 nisi
1772 1999 1902 2063 quod
1938 1999 1999 2044 rei
2031 1998 2191 2058 depre-

306 2086 433 2130 hensi
478 2094 588 2130 sunt
607 2073 629 2138 ;¹
654 2101 862 2146 'poenam
908 2086 1128 2139 statuite;
1179 2087 1302 2132 duae
1342 2087 1497 2132 dictae
1529 2088 1781 2133 sententiae
1818 2096 1950 2137 sunt;
1991 2101 2185 2146 poenam

303 2173 478 2234 eligite.
543 2173 636 2218 Sed
667 2174 852 2219 laborat
883 2182 1043 2222 orator
1061 2173 1345 2237 occidendos
1364 2191 1459 2219 esse
1482 2182 1715 2235 quantum
1748 2180 1918 2234 potest,
1948 2181 1995 2217 et
2027 2175 2188 2218 suadet

302 2263 434 2307 alind
476 2262 654 2323 agendo
704 2269 922 2322 quantum
963 2269 1134 2321 potest.
1212 2262 1472 2307 Laudando
1522 2264 1752 2320 vituperat
1796 2262 1892 2306 eius
1939 2259 2187 2320 (Caesaris)

301 2351 587 2395 sententiam.
653 2349 744 2393 Sed
779 2348 1003 2409 quoniam
1047 2348 1132 2393 illa
1164 2349 1397 2394 sententia
1427 2347 1662 2394 crudelior
1692 2355 1762 2392 est
1791 2356 1943 2392 morte
1976 2346 2185 2398 multari,

303 2435 485 2481 laborat
526 2435 767 2481 ostendere
808 2434 1119 2481 crudeliorem
1159 2451 1255 2481 esse
1292 2434 1566 2481 sententiam
1603 2432 1811 2480 Caesaris
1842 2449 1989 2495 quam
2023 2432 2181 2479 Silani.

303 2520 483 2568 Deinde
528 2521 745 2583 plerique
792 2522 1051 2576 timebant,
1101 2523 1159 2569 ad
1205 2523 1405 2584 gratiam
1452 2526 1533 2581 (sc.
1585 2523 1882 2584 popularem)
1931 2520 2181 2572 CiceroniS,

302 2607 523 2659 iudicare,
556 2624 614 2653 ne
646 2608 759 2671 ipsis
789 2608 969 2670 (malim
1001 2610 1107 2671 ipsa)
1132 2609 1373 2671 negotium
1400 2610 1544 2663 fieret,
1577 2609 1693 2670 quia
1724 2618 1886 2656 contra
1916 2611 2035 2671 leges
2064 2607 2182 2652 occi-

300 2693 536 2741 debantur
577 2694 658 2740 rei.
732 2695 826 2741 Lex
866 2693 989 2740 enim
1032 2695 1221 2741 vetabat
1260 2695 1548 2756 Sempronia.
1619 2695 1841 2742 Timebat
1871 2709 1994 2754 erg0,
2029 2710 2087 2739 ne
2118 2695 2178 2739 ad

300 2781 501 2843 gratiam
536 2796 667 2827 suam
701 2797 795 2827 non
828 2781 1180 2828 damnarentur.
1252 2782 1405 2827 Debet
1443 2799 1557 2844 ergo
1597 2784 1850 2834 ostendere,
1882 2797 1928 2826 se
1958 2797 2174 2827 securum

298 2883 393 2914 esse
423 2867 641 2914 adversus
671 2882 808 2915 omne
832 2867 1111 2932 periculum,
1143 2877 1189 2914 et
1212 2869 1342 2915 illam
1366 2871 1515 2916 lenem
1549 2869 1839 2922 sententiam,
1871 2885 1996 2930 quae
2027 2879 2176 2915 morte

299 2954 569 3002 multavit.“
