2699 3404
1091 286 1149 293 —-
1213 258 1375 306 XXIX
1437 283 1498 293 ——

356 386 577 432 momenti
609 394 704 438 est,
746 383 865 430 nihil
896 382 1178 430 addiderit.“
1214 384 1282 444 (p.
1313 386 1375 427 58
1405 387 1453 426 et
1483 381 1580 441 59.)
1634 380 1766 430 Quae
1797 378 1961 441 qualia
1992 379 2109 434 sint,
2140 381 2239 425 bre-

355 471 476 517 viter
508 471 766 517 videamus·
833 469 979 515 Nobis
1008 469 1133 516 enim
1167 483 1441 530 persuasum
1475 475 1570 521 est,
1609 465 1800 514 dicendi
1829 467 2240 528 opportunitatem

357 556 572 603 Ciceroni
600 570 706 602 'non
750 556 883 603 initio
922 556 1184 609 relationis,
1230 554 1310 600 sed
1350 562 1608 617 postquam
1648 554 1805 600 variae
1835 562 1883 599 et
1918 553 2238 613 discrepantes

352 644 612 692 sententiae
643 643 798 690 dictae
829 644 1030 698 fuerant,
1074 644 1283 695 oblatam
1323 660 1433 698 esse,
1476 643 1537 688 de
1567 659 1716 705 eaque
1744 642 1959 689 oratione
1988 639 2236 685 Consulari

353 741 534 778 veteres
566 731 816 792 scriptores
846 729 1008 777 omnes
1037 731 1312 778 consentire.

480 853 732 899 Ahrensius
750 854 862 900 licet
886 861 1009 900 recte
1032 854 1265 909 statuerit,
1295 853 1334 899 si
1350 853 1580 915 Dionysio
1596 854 2006 908 Halicarnassensi,
2036 853 2074 898 si
2091 853 2239 902 Livio,

352 941 389 987 si
420 940 509 1001 ipsi
527 940 743 987 Ciceroni
770 940 884 985 fides
904 940 1120 987 habenda
1142 941 1218 995 sit,
1254 956 1348 986 non
1371 957 1466 986 esse
1487 940 1824 992 dubitandum,
1855 955 1933 984 eos
1961 940 2046 1000 qui
2077 955 2240 984 consu-

356 1005 506 1072 lerent
539 1026 722 1087 saepius
754 1035 973 1072 accurata
1003 1044 1057 1073 ac
1089 1028 1318 1073 meditata
1343 1028 1576 1082 oratione,
1609 1044 1755 1089 quam
1787 1027 1912 1073 nude
1943 1034 1990 1071 et
2024 1026 2238 1077 breviter,

354 1113 391 1158 si
426 1129 450 1158 e
483 1112 729 1173 republica
765 1121 904 1166 esset,
950 1114 1188 1166 retulisse3
1231 1113 1355 1159 idem
1389 1121 1548 1159 tamen
1580 1113 1824 1175 intelligit,
1858 1113 2120 1159 utilitatem
2151 1112 2235 1156 rei·

357 1198 578 1260 publicae
620 1206 668 1242 et
701 1207 937 1244 momenta
979 1206 1248 1259 temporum
1281 1201 1393 1245 haec
1424 1200 1686 1261 aliquando
1718 1201 1857 1246 aliter
1899 1199 2000 1244 fieri
2034 1197 2239 1257 coegisse

353 1288 429 1347 (p.
463 1286 564 1346 72).
653 1284 795 1334 Quod
842 1285 880 1331 si
923 1300 1175 1346 umquam,
1227 1285 1275 1330 in
1315 1286 1401 1331 hac
1443 1294 1568 1331 certe
1611 1301 1773 1330 caussa
1815 1285 1973 1330 locum
2018 1284 2238 1328 habebat.

354 1373 473 1419 Nam
507 1389 659 1434 quum
696 1372 862 1418 Cicero
894 1382 1149 1419 convocato
1180 1374 1356 1419 Senatu
1388 1373 1447 1418 de
1478 1389 1632 1434 poena
1657 1372 2009 1418 coniuratorum
2037 1370 2240 1421 referret,

354 1476 510 1522 neque
541 1461 694 1522 ipsius
725 1461 784 1505 de
815 1462 954 1506 rebus
986 1460 1057 1515 iis,
1092 1478 1214 1522 quae
1245 1469 1384 1506 notae
1415 1462 1636 1507 omnibus
1671 1468 1718 1505 et
1739 1460 1906 1505 multis
1925 1460 2019 1504 iam
2040 1457 2241 1503 decretis

355 1548 675 1608 superioribus
706 1549 942 1594 iudicatae
974 1550 1207 1609 essent‚*)
1239 1550 1504 1610 exspectari
1536 1557 1723 1610 poterat
1754 1548 1929 1602 oratio,
1960 1563 2115 1608 neque
2139 1546 2240 1606 ipse

354 1636 572 1688 habebat,
605 1651 689 1680 cur
719 1636 880 1681 Patres
910 1636 1050 1682 aliter
1081 1652 1229 1697 quam
1262 1636 1320 1681 de
1352 1635 1767 1683 animadvertendo
1799 1635 1848 1681 in
1883 1651 1982 1680 reos
2012 1631 2239 1692 suffragia

354 1723 533 1767 laturos
563 1737 659 1766 esse
690 1722 1025 1783 suspicaretur.
1097 1724 1253 1773 Quam
1286 1723 1580 1777 sententiam,
1612 1740 1640 1768 a
1671 1723 1831 1768 Silano
1862 1723 2055 1774 dictam,
2088 1737 2236 1782 quum

352 1826 513 1855 omnes
546 1811 735 1855 fortiter
767 1819 1134 1871 constanterque
1165 1810 1312 1856 secuti
1337 1819 1503 1864 essent,
1534 1810 1743 1855 Caesaris
1766 1818 2033 1856 extremum
2058 1807 2239 1869 suppli-

352 1897 478 1942 cium
501 1897 815 1942 dissuadentis
838 1897 1051 1942 oratione
1073 1906 1171 1942 tam
1195 1898 1491 1942 vehementer
1514 1897 1742 1943 commoti
1766 1904 1895 1950 sunt,
1931 1905 1985 1941 ut
2008 1895 2067 1941 de
2089 1894 2236 1955 ipsius

350 1984 571 2030 Consulis
614 1984 765 2028 salute
807 1982 1204 2044 pertimescerent.
1278 1984 1461 2046 ltaque,
1501 1985 1641 2030 vultu
1675 1991 1822 2046 atque
1853 1983 2002 2030 oculis
2034 1982 2080 2028 in
2113 1980 2233 2027 Con-

352 2072 501 2117 sulem
536 2069 780 2122 conversiS‚
813 2069 931 2130 quid
964 2070 1058 2131 ipsi
1089 2071 1148 2116 de
1180 2079 1283 2117 tota
1318 2088 1365 2117 re
1397 2071 1652 2127 videretur,
1694 2072 1857 2118 audire
1896 2088 1943 2116 se
1973 2070 2091 2115 velle
2120 2068 2232 2115 satis

354 2166 516 2218 aperte
542 2157 844 2202 declarabant
870 2158 996 2215 (Cat.
1018 2163 1063 2211 4,
1087 2166 1129 2211 1,
1154 2161 1217 2218 1).
1270 2160 1432 2209 Quum
1468 2176 1576 2205 vero
1597 2159 1738 2205 etiam
1762 2157 1961 2218 singulis
1986 2174 2044 2204 ex
2067 2156 2235 2203 ordine

351 2243 591 2289 Senatorio
615 2243 800 2297 liceret,
840 2244 1089 2305 „quotiens
1120 2245 1195 2290 ius
1232 2245 1456 2291 dicendae
1481 2244 1736 2291 sententiae
1765 2244 2077 2306 accepissent,
2111 2260 2234 2305 quae

352 2331 528 2375 vellent
553 2346 828 2391 expromere
851 2331 1219 2392 relationemque
1240 2331 1290 2377 in
1324 2348 1378 2377 ea
1402 2333 1674 2393 postulare“
1707 2333 1854 2392 (Tac.
1873 2333 2002 2379 Ann.
2026 2333 2231 2388 13‚49).·

350 2426 453 2461 tum
483 2417 697 2478 profecto
723 2417 950 2473 Ciceroni,
985 2417 1070 2480 qui
1101 2419 1174 2464 vel
1205 2417 1440 2464 Catilinae
1470 2418 1533 2464 ad
1563 2435 1617 2464 ea
1650 2419 1980 2480 respondisset,
2014 2435 2135 2480 quae
2168 2427 2232 2463 ta-

408 2641 442 2675 ⁵)
487 2636 553 2669 Cic.
579 2637 651 2672 Cat.
683 2643 716 2680 4,
740 2644 771 2679 3,
792 2643 833 2674 5:
875 2641 999 2680 „Haec
1031 2642 1145 2675 omnia
1177 2642 1308 2675 indices
1338 2641 1545 2680 detulerunt,
1579 2642 1628 2673 rei
1651 2642 1909 2682 confessisunt,
1940 2653 1999 2674 vos
2021 2643 2136 2674 multis
2161 2643 2230 2675 iam

480 2706 616 2740 iudiciis
640 2707 839 2750 iudicastis,
869 2710 1015 2753 primum
1045 2711 1136 2753 qnod
1166 2710 1247 2744 mihi
1268 2729 1312 2735 —
1334 2710 1479 2743 dedistis
1502 2710 1727 2753 amplissima.
1774 2711 1874 2752 Quae
1895 2715 1974 2744 sunt
1995 2711 2108 2745 omnin
2133 2712 2228 2746 eins-

481 2775 585 2817 modi,
617 2780 654 2809 ut
676 2777 713 2817 ii,
737 2779 796 2822 qui
819 2779 854 2814 in
877 2778 1068 2814 custodiam
1092 2779 1291 2814 nominatim
1314 2779 1386 2813 dati
1410 2785 1512 2820 sunt,
1542 2780 1617 2814 sine
1636 2781 1706 2814 ulia
1729 2779 1940 2813 dubitatione
1961 2789 1983 2813 a
2005 2780 2107 2815 vobis
2128 2781 2227 2815 dam·

482 2846 553 2879 nati
574 2856 652 2881 esse
674 2846 941 2882 videantur.“—
964 2849 1036 2883 Cat.
1059 2853 1093 2890 4,
1116 2854 1150 2891 5,
1177 2854 1235 2885 to:
1259 2850 1357 2891 „Iam
1382 2850 1447 2884 hoc
1469 2850 1594 2884 nemini
1619 2850 1759 2883 dubium
1782 2853 1845 2888 est,
1868 2848 1927 2892 qui
1946 2859 2005 2883 reo
2023 2851 2226 2891 custodiam,

478 2917 664 2960 quaesitori
687 2918 962 2961 gratulationem,
984 2920 1087 2953 indici
1111 2921 1300 2963 praemium
1322 2920 1484 2960 decrevit,
1505 2919 1587 2962 quid
1610 2920 1652 2952 de
1677 2924 1746 2952 tota
1765 2928 1805 2951 re
1828 2923 1864 2952 et
1886 2913 2011 2955 caussa
2033 2920 2226 2955 iudicarit.“
