2699 3404
1139 283 1200 289 —
1262 255 1458 302 XXVIII
1521 285 1581 294 —

422 381 454 426 i.
490 397 530 425 e.
562 379 767 423 Catilina
804 377 1069 435 debellato,
1112 379 1268 423 denuo
1307 377 1600 425 referendum
1633 387 1850 440 censeret.
1911 380 2043 430 Quae
2072 382 2299 427 sententia

422 473 554 510 tanta
583 465 931 526 approbatione
962 472 1161 525 excepta
1190 475 1276 519 est,
1310 474 1363 511 ut
1394 467 1468 511 vel
1501 467 1708 521 Silanus,
1740 466 1797 512 iis
1815 481 1939 529 quae
1967 473 2105 512 antea
2134 464 2195 511 de
2223 483 2301 513 ex·

419 560 570 596 tremo
601 551 844 613 supplicio
887 559 1152 611 rogaverat,
1196 552 1314 613 quia
1355 561 1537 599 mutare
1578 562 1720 615 turpe
1759 554 1984 614 putabat,
2025 552 2301 614 interpreta-

418 637 549 684 tione
588 638 893 708 leniendis,*)
948 638 995 682 in
1044 654 1144 683 eam
1192 654 1239 684 se
1280 638 1615 687 discessurum·
1641 640 1902 687 declararet
1948 640 2080 702 (Sall.
2123 654 2164 685 c.
2202 641 2298 700 50).

417 726 632 773 Tandem
664 741 771 772 vero
803 726 913 780 „M.
932 726 1138 772 Porcius
1153 726 1367 787 Cato‚**)
1403 728 1621 774 tribunus
1652 727 1807 789 plebis
1837 727 2123 788 designatus,
2156 742 2301 788 paene

420 813 543 857 inter
576 812 768 881 ultimos
799 811 1120 874 interrogatus
1149 813 1455 867 sententiam,
1498 822 1632 861 tanta
1671 815 1717 861 vi
1759 814 1905 860 animi
1944 822 2090 875 atque
2126 813 2300 874 ingenii

419 899 632 943 invectus
662 909 733 944 est
755 899 804 944 in
828 899 1216 954 coniurationem,
1249 916 1303 945 eo
1335 900 1500 946 ardore
1531 901 1625 947 oris
1655 900 1912 946 orationem
1944 901 2155 946 omnium
2187 901 2301 946 leni·

419 992 567 1030 tatem
601 986 902 1030 suadentium
935 985 1157 1031 societate
1189 985 1374 1030 consilii
1407 994 1672 1047 suspectam
1704 966 1853 1039 fecitq
1880 985 1945 1031 sic
1984 985 2304 1046 impendentia

417 1086 475 1115 ex
525 1071 673 1117 ruinis
719 1071 1044 1132 incendiisque
1092 1071 1220 1116 urbis
1263 1079 1312 1116 et
1355 1072 1725 1119 commutatione
1771 1079 1923 1118 status
1967 1072 2149 1133 publici
2187 1073 2306 1134 peri-

419 1161 529 1204 cula
555 1159 791 1220 exposuit,
828 1160 896 1204 ita
912 1159 1133 1203 Consulis
1156 1159 1381 1204 virtutem
1403 1158 1735 1219 amplificavit,
1769 1166 1822 1203 ut
1846 1158 2089 1204 universus
2107 1159 2306 1204 Senatus

419 1245 468 1289 in
508 1246 609 1290 eius
651 1245 932 1290 sententiam
972 1245 1217 1299 transiret,
1260 1244 1829 1306 animadvertendumque
1867 1244 1915 1289 in
1948 1244 2070 1288 cives
2100 1243 2305 1290 maximo

419 1333 470 1376 in
503 1333 674 1377 scelere
705 1332 1016 1392 deprehensos
1048 1340 1299 1378 censeret.“
1364 1332 1497 1394 (Vell,
1530 1339 1575 1386 2,
1605 1333 1701 1392 35.)

604 1455 695 1500 Sed
730 1471 852 1516 quae
885 1456 1110 1500 hactenus
1141 1455 1201 1500 de
1231 1455 1428 1501 consilio
1458 1463 1505 1501 et
1528 1455 1699 1501 effectu
1729 1452 1956 1500 orationis
1975 1448 2307 1496 Ciceronianae

419 1543 793 1604 disputavimus,
827 1559 946 1588 vana
978 1551 1108 1594 sunt,
1142 1543 1376 1589 Akrensio
1406 1541 1587 1595 iudice,
1620 1542 1791 1587 omnia.
1855 1541 1927 1585 Ita
1957 1538 2082 1583 enim
2115 1536 2305 1580 statuit:

421 1629 627 1683 ,‚omnia‚
660 1646 784 1691 quae
816 1628 1039 1675 memoria
1073 1629 1319 1674 literarum
1352 1636 1625 1674 conservata
1656 1636 1782 1682 sunt,
1818 1643 1910 1673 non
1944 1640 2078 1687 posse
2108 1623 2232 1668 inter
2261 1637 2307 1666 se

420 1717 678 1771 conciliari,
720 1717 809 1762 nisi
852 1716 888 1761 si
921 1716 1087 1761 Cicero
1127 1716 1187 1761 de
1227 1715 1456 1761 convictis
1486 1722 1534 1760 et
1567 1714 1785 1760 confessis
1816 1711 2153 1759 coniurationis
2189 1717 2309 1754 retu-

421 1804 556 1856 lerit,
599 1805 824 1849 Senatum
864 1802 1190 1847 cohortatione
1231 1802 1292 1845 ad
1325 1800 1513 1845 fortiter
1543 1801 1854 1846 iudicandum
1887 1799 2106 1844 excitarit
2135 1797 2311 1842 iudica-

425 1888 585 1949 ritque
616 1890 738 1949 ipse,
771 1898 1012 1948 antequam
1047 1889 1268 1934 Senatum
1299 1889 1573 1941 consuleret,
1608 1895 1771 1948 postea
1803 1902 1926 1939 vero,
1959 1885 2090 1947 quod
2123 1882 2310 1930 maioris

487 2105 517 2148 ’)
550 2103 644 2138 Plut.
669 2105 729 2138 vit.
755 2104 828 2138 Cic.
856 2107 919 2140 21:
954 2090 1074 2144 „diors
1101 2096 1164 2136 καὶ
1190 2092 1256 2136 τὸν
1282 2091 1448 2136 Σιλανὸν
1475 2088 1595 2142 αὖθις
1620 2093 1920 2150 μεταβαλόμενον
1945 2094 2221 2148 παραιτεῖσθαι
2246 2092 2310 2130 καὶ

547 2174 690 2224 λέγειν,
729 2173 778 2220 ὡς
818 2174 899 2213 οὐδ’
942 2171 1056 2220 αὐτὸς
1092 2176 1194 2213 εἴποι
1225 2169 1445 2224 θανατικὴν
1479 2169 1627 2224 γνώμην
1634 2203 1647 2221 ,
1689 2169 1848 2225 ἐσχάτην
1879 2169 1950 2224 γὰρ
1984 2171 2093 2224 ἀνδρὶ
2124 2169 2309 2225 βουλευτῇ

542 2251 740 2301 Ῥωμαίων
768 2252 864 2292 εἶναι
892 2252 1000 2305 δίκην
1025 2248 1068 2291 τὸ
1097 2246 1390 2301 δεσμωτήριον.“

463 2343 519 2383 “)
549 2340 751 2376 Plutarchus
773 2343 912 2385 quidem
937 2342 981 2378 Q.
1005 2341 1177 2373 Lutatium
1201 2338 1373 2378 Gaeulmn,
1405 2339 1515 2371 virum
1547 2339 1780 2376 consularem,
1819 2338 1888 2371 iam
1918 2343 1999 2370 ante
2023 2338 2191 2370 Catonem
2222 2344 2304 2367 con-

551 2409 617 2442 silii
649 2410 777 2451 publici
809 2415 984 2442 auctorem
1020 2408 1196 2441 exstitisse
1233 2411 1362 2439 narrat.
1397 2407 1473 2447 (vit.
1510 2405 1584 2438 Cic.
1617 2409 1680 2439 21:
1722 2397 1957 2449 »Εἱρημένης
1991 2393 2032 2434 δὲ
2068 2394 2133 2441 τῆς
2164 2388 2308 2443 γνώμης

546 2480 691 2532 πρῶτος
714 2479 961 2530 ἀντέκρουσεν
987 2476 1084 2534 αὐτῇ
1110 2473 1266 2522 Κάτλος
1293 2472 1524 2523 Λουτάτιος,
1549 2474 1630 2515 εἶτα
1656 2471 1853 2525 δεξάμενος
1878 2470 2076 2519 Κάτων.“)
2109 2480 2179 2514 sed
2202 2477 2306 2511 malui

551 2555 735 2589 Ciceronem
758 2557 877 2599 sequi,
912 2555 1012 2588 cuius
1043 2554 1128 2587 haee
1151 2558 1232 2587 sunt
1253 2554 1359 2587 verba
1382 2553 1418 2586 in
1441 2563 1491 2587 or.
1516 2562 1568 2595 pr.
1592 2553 1684 2586 Sest.
1706 2554 1769 2592 28,
1791 2553 1854 2585 61:
1901 2550 2076 2591 „Consule
2098 2559 2172 2589 me,
2202 2556 2307 2590 quum

549 2625 619 2668 (Μ.
644 2625 748 2667 Cato)
769 2630 860 2658 esset
882 2624 1083 2665 designatus
1107 2623 1185 2655 trib.
1210 2623 1279 2664 pL,
1308 2622 1431 2655 obtulit
1462 2622 1497 2654 in
1530 2621 1714 2654 discrimen
1737 2621 1842 2654 vitam
1865 2629 1982 2652 suam:
2014 2619 2104 2652 dixit
2125 2626 2200 2650 eam
2223 2625 2304 2648 sen-

547 2694 713 2734 tentiam,
748 2695 847 2727 cuius
879 2694 1042 2727 invidiam
1073 2692 1199 2735 capitis
1228 2693 1381 2735 periculo
1411 2692 1479 2726 eibi
1502 2692 1744 2733 praestandam
1770 2690 1922 2723 videbat:
1960 2689 2052 2722 dixit
2072 2687 2305 2721 vehementer:

549 2764 620 2806 egit
642 2764 785 2798 acriter:
821 2774 863 2797 ea
885 2773 975 2806 quae
1000 2763 1122 2803 sensit,
1152 2772 1236 2805 prae
1259 2772 1297 2796 se
1319 2761 1418 2795 tulit:
1454 2761 1539 2800 dux,
1561 2767 1691 2800 auctor,
1714 2764 1805 2791 actor
1824 2769 1934 2791 rerum
1953 2758 2086 2791 illm-im
2097 2755 2214 2799 fiiU‘
2260 2754 2303 2791 Q.

550 2831 685 2866 Catulum
706 2832 796 2866 alius
818 2831 958 2875 quidem
981 2830 1114 2865 consilii
1137 2837 1256 2865 auctor
1279 2831 1364 2872 suit,
1397 2841 1466 2876 quo
1490 2831 1610 2864 Cicero
1642 2838 1768 2874 parens
1790 2828 1924 2872 patriae
1946 2826 2140 2871 appellatus
2161 2829 2213 2858 est
2233 2824 2305 2867 (or.

550 2902 586 2933 in
608 2903 681 2936 Pis.
702 2906 735 2943 ³,
758 2904 806 2947 6).
