2699 3404
1236 252 1572 300 -xll-

464 372 924 420 adulescentulorum
962 374 1133 422 studiis
1170 374 1422 428 excitatus,
1466 373 1600 422 edere
1639 375 1969 429 constituerat,
2006 374 2160 421 voluit
2190 395 2335 439 segre-

466 457 579 517 gari.
645 458 781 503 Patet
819 459 991 520 igitur,
1032 463 1373 523 inscriptionem
1412 461 1545 507 illam
1586 462 1844 508 orationum
1876 462 1967 510 IV
1999 464 2049 509 in
2084 460 2335 510 Catilinam

463 559 556 589 non
593 560 689 590 esse
728 545 790 591 ad
821 545 1093 593 Ciceronem
1135 555 1370 594 auctorem
1413 546 1726 600 referendam,
1772 547 2047 608 praesertim
2089 563 2238 609 quum
2281 564 2337 594 ne

465 629 561 675 sint
601 631 799 691 quidem
838 647 998 698 omnes
1039 636 1088 680 in
1126 634 1378 681 Catilinam
1419 632 1621 678 habitae.
1684 633 1815 682 Quae
1852 632 1899 677 in
1931 632 2186 679 Codicibus
2222 633 2338 679 anti-

468 715 709 775 quissimis
741 725 894 761 exstat
926 718 1177 780 inscriptio
1211 719 1477 773 „Ciceronis
1511 717 1601 764 IV
1626 719 1954 764 invectivarum
1986 720 2097 765 libri
2127 721 2176 765 in
2207 717 2335 766 Cati-

467 805 664 854 linam“,
703 818 806 847 eam
839 805 1163 865 grammatici,
1204 813 1258 850 ut
1289 805 1538 850 Diomedes
1567 811 1614 849 et
1644 803 1932 858 Priscianus,
1984 813 2335 865 usurpaverant.

466 888 604 930 Verbi
636 897 805 932 auctor
836 898 905 931 est
938 891 1098 951 quarti
1139 892 1281 936 seculi
1320 891 1533 936 exeuntis
1571 889 1794 951 scriptor,
1838 889 2117 934 Ammianus
2147 891 2338 937 Mareel-

463 976 610 1026 linus,
647 979 739 1036 (21,
776 984 854 1020 10:
901 977 1192 1028 „orationem
1233 993 1384 1021 acrem
1422 986 1469 1021 et
1501 979 1786 1028 invectivam,
1820 977 1997 1037 probra
2029 977 2258 1036 quaedam
2291 978 2336 1021 in

461 1063 664 1108 eundem
698 1063 1032 1121 explanantem
1069 1071 1118 1106 et
1150 1063 1280 1115 vitia,
1313 1063 1560 1122 scripserat
1591 1064 1652 1107 ad
1684 1064 1977 1121 Senatum.“)

648 1150 807 1199 Quum
841 1147 992 1207 igitur
1022 1149 1103 1193 has
1134 1149 1389 1200 orationes,
1437 1150 1567 1193 nulla
1606 1149 1843 1193 communi
1876 1148 2183 1208 inscriptione
2214 1166 2337 1195 com-

462 1237 734 1297 prehensas,
780 1250 864 1295 per
906 1235 1065 1296 priora
1106 1243 1215 1296 post
1254 1234 1490 1279 Ciceronis
1530 1234 1775 1279 interitum
1813 1235 1969 1279 secula
2010 1235 2208 1281 traditas
2245 1253 2339 1282 esse

463 1329 667 1366 constet:
702 1321 821 1367 nihil
853 1329 967 1374 erat,
1000 1321 1131 1382 quod
1165 1321 1470 1381 grammatico
1503 1320 1689 1366 cuidam
1713 1321 1784 1365 vel
1818 1320 1991 1366 rhetori
2022 1337 2181 1367 ansam
2211 1339 2339 1384 prae-

461 1408 569 1451 bere
632 1417 790 1468 posset
849 1409 909 1453 ad
969 1425 1132 1470 corpas
1192 1408 1456 1453 orationum
1508 1407 1891 1453 Catilinariarum
1955 1409 2335 1467 contingendum.

462 1491 559 1538 lam
611 1511 719 1539 vero
760 1492 929 1539 Orellii
977 1494 1270 1549 coniectura,
1336 1493 1372 1537 si
1420 1493 1597 1538 omissis
1642 1493 1714 1538 his
1753 1494 1973 1539 omnibus
2021 1495 2094 1539 vel
2139 1495 2337 1540 maxime

462 1582 653 1640 probari
704 1587 885 1641 posset,
937 1580 1055 1624 nihil
1103 1596 1384 1642 magnopere
1427 1582 1649 1626 momenti
1694 1581 1756 1626 ad
1798 1580 2012 1627 Ahrensii
2059 1581 2335 1626 sententiam

463 1669 835 1714 confirmandam
876 1668 1089 1721 afferret,
1139 1684 1291 1728 quum
1336 1685 1392 1713 ne
1423 1669 1481 1713 de
1512 1669 1615 1728 ipsa
1646 1669 1838 1728 quidem
1872 1684 2034 1713 caussa
2065 1669 2333 1714 consentiat.

464 1755 580 1800 Nam
622 1755 833 1800 habitam
879 1771 972 1799 esse
1005 1771 1032 1799 a
1064 1755 1287 1800 Cicerone
1320 1754 1466 1800 Nonis
1497 1755 1837 1800 Decembribus
1866 1755 2125 1801 orationem
2164 1756 2337 1801 Consu-

464 1842 634 1895 larem,
686 1857 885 1901 eamque
926 1841 1343 1902 locupletissimam
1396 1848 1543 1902 atque
1588 1841 1895 1894 uberrimam,
1947 1840 2202 1887 Ahrensius
2245 1857 2338 1887 non

463 1935 604 1988 negat
646 1930 712 1988 (p.
754 1929 857 1986 60),
908 1942 1009 1971 eam
1051 1927 1260 1971 habitam
1302 1943 1396 1971 esse
1428 1935 1592 1988 negat,
1647 1943 1768 1988 quae
1807 1926 1868 1972 ad
1901 1935 2109 1973 nostram
2140 1934 2337 1972 aetatem

462 2015 691 2076 pervenit,
728 2030 827 2075 qua
858 2012 1006 2058 Silani
1038 2021 1085 2057 et
1117 2014 1326 2058 Caesaris
1358 2015 1611 2059 sententiae
1643 2022 1994 2074 comparantur.

644 2102 776 2151 Quae
810 2116 964 2160 quum
997 2099 1066 2145 ita
1097 2101 1215 2151 sint,
1262 2108 1419 2145 nostro
1458 2101 1592 2161 quasi
1631 2101 1732 2145 iure
1764 2101 1898 2146 nobis
1930 2102 2080 2147 facere
2110 2102 2336 2152 videmur,

462 2187 500 2230 si
551 2187 675 2231 hunc
729 2193 918 2241 testem,
976 2187 1194 2250 quamvis
1243 2186 1515 2248 ceteroquin
1560 2186 1855 2248 ingeniosum
1906 2188 2141 2235 hominem
2186 2196 2232 2234 et
2279 2188 2336 2233 de

462 2273 684 2318 Cicerone
731 2275 914 2335 egregie
962 2276 1210 2327 meritum,
1273 2275 1333 2318 ab
1386 2275 1472 2318 hoc
1529 2273 1722 2335 quidem
1772 2274 1951 2321 iudicio
2004 2289 2334 2320 removeamus.

465 2360 622 2405 Nimio
662 2377 769 2405 eum
810 2361 968 2406 studio
1009 2364 1258 2423 abreptum
1302 2361 1616 2406 iudicabimus
1658 2361 1717 2406 ad
1749 2361 1988 2408 Ciceronis
2025 2361 2097 2406 sui
2129 2373 2334 2405 caussam

461 2449 522 2492 ab
555 2463 623 2499 ea,
656 2463 802 2508 quam
835 2449 923 2493 sibi
960 2450 1174 2503 finxerat,
1209 2448 1586 2510 interpolationis
1616 2447 1789 2492 iniuria
1821 2446 2176 2499 defendendam,
2207 2445 2336 2506 cupi-

461 2535 633 2580 dorum
667 2550 794 2579 more
825 2536 1105 2589 amicorum,
1153 2536 1294 2581 etiam
1334 2552 1388 2581 ea
1427 2533 1661 2588 attulisse,
1704 2549 1826 2595 quae
1865 2535 1926 2579 ab
1967 2533 2094 2578 omni
2126 2529 2333 2577 veritatis

464 2621 616 2681 specie
646 2621 965 2667 abhorrerent.
1004 2648 1064 2658 —-
1116 2624 1188 2669 De
1219 2622 1439 2684 reliquis,
1490 2620 1575 2682 qui
1614 2620 1661 2666 in
1705 2622 1789 2668 hac
1822 2637 1983 2668 caussa
2014 2617 2332 2666 testimonium

464 2707 711 2762 dixerunt,
760 2708 873 2753 satis
912 2710 1188 2755 habebimus
1227 2709 1502 2755 summatim
1545 2716 1687 2769 atque
1718 2725 1772 2754 eo
1804 2707 1999 2754 consilio
2032 2708 2220 2759 referre,
2265 2713 2331 2757 ut,

462 2793 501 2839 si
535 2794 725 2853 quando
765 2795 815 2841 in
856 2793 960 2855 ipsa
997 2810 1159 2840 caussa
1188 2796 1248 2841 ad
1280 2812 1357 2842 eos
1389 2794 1770 2856 provocabimus,
1820 2811 1875 2840 ne
1906 2795 2057 2856 ignoti
2090 2793 2185 2838 sint
2216 2792 2333 2837 iudi-

462 2880 693 2925 cantibuS.
