2699 3404
1011 318 1066 324 —
1132 287 1355 335 XXXVII
1416 315 1478 323 --

304 412 505 461 aliorum
544 411 892 462 narrationibus
932 413 1280 475 praetulisse.*)
1345 411 1486 464 Quod
1528 410 1800 457 Ciceronem
1850 410 1993 463 dicit,
2033 425 2184 472 quum

302 499 351 547 in
387 508 637 563 utramque
679 505 864 561 partem
895 498 1178 562 disputaret,
1222 514 1317 545 non
1346 502 1574 561 exiguum
1604 506 1897 543 momentum
1929 499 2185 542 sententiae

303 587 517 634 Caesaris
548 585 794 640 addidisse,
827 587 877 631 id
910 602 1004 632 non
1035 587 1095 632 de
1125 592 1405 646 argumento
1436 593 1484 630 et
1516 587 1710 630 consilio
1740 586 1980 636 orationiS,
2015 585 2094 636 sed
2123 585 2207 654 de!

300 681 474 720 eventu
506 673 871 734 intelligendum
902 680 987 717 est.
1051 674 1250 718 Constat
1280 674 1423 726 enim,
1454 688 1531 717 eos
1563 675 1647 733 qui
1679 673 1879 718 Consuli
1911 672 2181 716 consultum

301 762 499 813 vellent,
562 761 772 806 Caesaris
815 760 1116 813 sententiam,
1171 776 1316 821 quam
1370 760 1412 804 ei
1467 760 1718 805 salutarem
1782 775 1877 804 esse
1937 765 2178 819 putarent,

299 864 353 892 eo
386 847 560 893 maiore
592 850 750 894 studio
782 850 1025 909 amplexos
1056 865 1166 903 esse,
1201 864 1299 909 quo
1321 848 1516 893 fortiore
1547 847 1705 893 animo
1727 848 1826 907 ipse
1847 846 2180 898 declaraverat,

299 953 344 980 se
379 935 668 995 reipublicae
698 915 1075 983 incolumitatem
1108 952 1218 982 suae
1249 934 1394 981 saluti
1426 934 1674 995 praeferre.
1740 933 1998 996 Appiana&
2039 932 2181 978 Cato-

299 1037 402 1067 nem
437 1029 546 1067 ante
568 1023 839 1068 Ciceronem
873 1023 1131 1077 nominans,
1166 1023 1253 1067 hoc
1284 1021 1513 1067 indicasse
1544 1022 1749 1074 videtur,
1779 1021 1910 1066 illius
1941 1028 2096 1081 partes
2126 1020 2176 1065 in

298 1108 535 1169 supplicio
577 1109 929 1154 coniuratorum
979 1109 1269 1154 decernendo
1317 1109 1460 1154 fuisse
1508 1109 1768 1168 primariaS.
1851 1108 2040 1154 Cassius
2073 1108 2175 1153 Dio

297 1190 627 1239 Ciceronianae
658 1196 884 1238 orationis
914 1195 982 1239 ita
1013 1195 1297 1239 mentionem
1331 1195 1457 1248 fecit,
1493 1202 1548 1239 ut
1579 1211 1681 1239 eam
1707 1193 1917 1239 Caesaris
1948 1193 2177 1238 sententia

298 1288 598 1339 provocatam
630 1295 725 1324 esse
756 1280 1057 1339 significaret.

477 1385 637 1445 Atque
669 1385 781 1429 haec
812 1383 870 1428 de
901 1400 1063 1429 caussa
1095 1385 1354 1436 sufficiant,
1396 1384 1446 1428 in
1479 1401 1577 1445 qua
1609 1387 1745 1429 nobis
1776 1385 1825 1428 id
1859 1386 2077 1444 probasse
2110 1387 2174 1429 vi-

294 1467 473 1519 demur,
506 1471 742 1528 praeclare
773 1478 984 1515 constare
1015 1470 1188 1522 omnia,
1229 1471 1267 1514 si
1299 1471 1451 1515 oratio
1482 1487 1550 1524 ea,
1599 1488 1721 1532 quae
1752 1472 1891 1517 hodie
1923 1480 2095 1531 quarta
2126 1473 2173 1516 in

292 1553 548 1600 Catilinam
580 1555 752 1609 fertur,
795 1573 882 1617 pro
914 1556 999 1602 illa
1031 1555 1135 1616 ipsa
1165 1556 1377 1602 oratione
1412 1557 1663 1611 habeatur,
1701 1574 1798 1619 qua
1828 1557 1991 1604 Cicero
2025 1557 2173 1603 Nonis

294 1641 404 1686 Dec.
445 1640 642 1687 Patrum
683 1644 935 1689 sententias
973 1643 1313 1705 interpellavit.
1388 1644 1478 1691 Sed
1522 1644 1580 1691 de
1627 1644 1776 1691 totius
1816 1644 2106 1707 quaestionis
2145 1661 2173 1690 a

295 1726 430 1772 nobis
474 1726 720 1775 institutae
769 1730 968 1777 veritate
1014 1747 1152 1792 penes
1191 1730 1308 1777 alios
1347 1731 1435 1777 erit
1472 1731 1694 1778 iudicare.
1780 1732 1832 1778 In
1877 1746 1975 1794 qua
2018 1746 2169 1792 quum

293 1811 446 1857 multa
476 1812 637 1867 insint,
670 1831 792 1876 quae
822 1816 1021 1862 aliorum
1054 1816 1298 1863 doctrinae
1328 1825 1474 1879 atque
1504 1818 1711 1863 acumini
1743 1818 2022 1871 debeantur,
2059 1832 2171 1862 non-

290 1898 425 1944 nulla
463 1899 630 1954 etiam,
683 1917 804 1962 quae
843 1918 993 1963 quum
1036 1903 1128 1964 ipsi
1169 1904 1217 1948 in
1250 1905 1482 1950 schedulis
1517 1904 1690 1949 nostris
1718 1905 2165 1966 conscripsissemus,

292 1992 454 2046 postea
485 1986 546 2032 ab
577 1987 703 2040 aliis,
741 1986 875 2032 libris
916 2003 1076 2034 eorum
1108 1989 1169 2034 ad
1203 2005 1285 2035 nos
1316 1992 1539 2051 perlatis,
1583 1992 1678 2037 iam
1710 2008 1804 2038 esse
1831 2000 2062 2052 occupata
2101 1990 2164 2033 vi-

289 2070 470 2117 dimus:
505 2088 680 2134 aequos
711 2088 764 2118 ac
794 2074 1039 2120 benevolos
1069 2075 1264 2120 lectores
1295 2083 1484 2136 rogatos
1517 2079 1755 2130 volumus,
1788 2093 1897 2130 non,
1932 2086 1984 2121 ut
2016 2091 2159 2136 quam

289 2172 407 2204 nove
438 2158 549 2203 haec
581 2174 608 2203 a
641 2160 796 2212 nobis,
837 2160 914 2206 sed
948 2176 1093 2221 quam
1129 2161 1311 2207 utiliter
1342 2162 1584 2223 disputata
1616 2164 1730 2217 sint,
1772 2162 2059 2209 considerare
2089 2177 2164 2206 ve-

288 2242 405 2297 lint,
460 2245 686 2306 quoniam
735 2246 929 2308 quidem
977 2254 1024 2292 et
1070 2263 1152 2294 nos
1204 2247 1475 2310 scripsimus
1517 2251 1950 2298 adulescentulorum
1994 2251 2161 2295 studiis

286 2332 495 2378 excitati.

351 2504 383 2542 ⁴¹*)
424 2503 467 2535 V.
493 2506 634 2540 Heeren.
658 2506 701 2540 de
724 2506 875 2541 fontibus
897 2514 932 2541 et
955 2508 1157 2542 auctoritate
1180 2509 1325 2542 vitarum
1350 2510 1587 2551 parallelarum
1613 2511 1798 2550 Plutarchi,
1823 2523 1854 2553 p.
1883 2515 1954 2545 185.
