2699 3404
1136 291 1196 298 —-
1261 265 1412 310 XXVI
1476 293 1534 301 -—

396 406 425 436 o
456 388 529 435 ius
555 387 783 433 eximium
816 395 1001 432 nostrae
1025 385 1256 433 civitatis!
1298 403 1324 433 o
1349 387 1426 433 lex
1448 386 1630 433 Porcia
1658 388 1861 451 legesque
1888 387 2274 449 Semproniae!“)

399 474 457 521 Et
477 473 526 520 in
542 474 700 534 prima
721 472 915 533 quidem
932 475 1139 521 oratione
1155 472 1442 521 Catilinaria
1467 475 1562 531 (11,
1589 474 1671 533 28)
1702 473 1751 519 in
1779 473 2047 520 universum
2079 490 2276 526 comme·-

395 568 642 606 morantur
663 561 798 621 leges,
823 575 935 619 quae
953 562 1008 604 de
1028 562 1198 606 civium
1210 560 1532 605 Romanorum
1551 561 1778 622 supplicio
1795 568 1999 622 ‚rogatae
2019 569 2138 607 sunt.
2183 563 2274 610 Ubi

395 660 504 690 vero
545 646 608 690 ad
648 648 799 706 legem
841 645 1126 704 peculiarem
1172 655 1220 691 et
1260 647 1372 691 huic
1411 660 1598 691 caussae
1636 646 1880 707 propriam
1921 648 2274 706 provocandum

395 739 511 783 erat,
552 732 650 777 sola
681 731 915 775 nominari
945 732 1149 776 debebat
1180 734 1254 778 leoe
1286 732 1578 791 Sempronia,
1630 732 1680 776 id
1727 733 1858 792 quod
1898 733 2079 777 factum
2118 742 2186 777 est
2225 735 2273 778 in

396 826 514 863 orat.
547 817 653 862 Cat.
687 827 858 877 quarta
903 820 963 877 (5,
990 819 1090 876 10):
1146 818 1242 870 „At
1281 833 1388 861 vero
1428 816 1483 861 C.
1516 817 1686 861 Caesar
1723 818 1956 878 intellegit
1999 818 2047 879 (i.
2081 836 2120 864 e.
2156 820 2276 864 arbi·

397 911 567 958 tratur,
599 905 805 958 iudicat;
839 905 900 950 cf.
932 910 977 957 4,
1010 911 1055 957 4,
1089 905 1152 964 7),
1201 904 1353 964 legem
1386 904 1708 963 Semproniam
1746 920 1840 950 esse
1879 904 1937 949 de
1967 906 2139 951 civibus
2172 907 2272 952 Ro-

394 993 542 1041 manis
576 991 910 1044 constitutam;
945 991 1043 1051 qui0
1062 998 1221 1037 autem
1255 990 1370 1050 reip.
1405 989 1466 1035 sit
1498 989 1657 1045 hostiS‚
1698 1007 1806 1037 eum
1839 991 1984 1037 civem
2017 1008 2112 1037 esse
2142 994 2275 1040 nullo

396 1078 538 1124 modo
570 1092 726 1139 posse:
779 1078 982 1138 denique
1022 1081 1181 1138 ipsum
1225 1078 1421 1123 latorem
1458 1076 1760 1139 Semproniae
1799 1077 1914 1137 legis
1944 1078 2071 1123 iussu
2106 1080 2275 1140 populi

398 1179 570 1224 poenas
604 1165 717 1225 reip.
752 1164 1077 1224 dependisse.“
1143 1164 1308 1225 Neque
1340 1165 1464 1209 enim
1497 1164 1771 1209 verberibus
1805 1164 2178 1210 animadversum
2209 1175 2277 1210 est

397 1251 444 1294 in
478 1252 766 1304 coniuratos,
818 1250 897 1293 sed
939 1250 1121 1295 iniussu
1163 1251 1334 1312 populi
1371 1251 1572 1296 Romani
1615 1250 1766 1294 necati
1798 1257 1922 1295 sunt.
1990 1250 2153 1312 Neque
2184 1251 2280 1296 alio

398 1335 594 1379 crimine
641 1337 807 1380 Cicero
853 1346 1017 1395 postea
1064 1353 1091 1379 a
1137 1337 1194 1384 Q.
1237 1337 1433 1381 Metello
1476 1337 1681 1396 Nepote,
1738 1336 1851 1379 trib.
1892 1338 1985 1396 pl.,
2017 1346 2277 1389 accusatuS,

398 1437 426 1464 a
458 1421 511 1466 P.
545 1422 734 1475 Clodio,
778 1422 889 1466 trib.
926 1422 1018 1481 pl.,
1063 1421 1112 1465 in
1145 1422 1364 1466 exsilium
1397 1422 1572 1467 eiectus
1603 1430 1694 1475 est,
1748 1438 1892 1482 quam
1934 1422 2065 1483 quod
2099 1421 2279 1466 indicta

402 1506 480 1568 (ad
511 1509 766 1568 populum)
801 1524 963 1553 caussa
993 1509 1052 1553 de
1085 1508 1242 1568 capite
1274 1508 1449 1553 civium
1481 1509 1801 1553 Romanorum
1834 1509 2100 1554 iudicasset.
2147 1509 2279 1557 Quae

400 1594 524 1640 actio
556 1610 850 1654 quamquam
891 1611 947 1641 eo
980 1594 1169 1639 defendi
1203 1600 1418 1654 poterat,
1464 1596 1593 1654 quod
1638 1603 1685 1639 et
1722 1594 1755 1639 ii
1798 1595 1884 1655 qui
1923 1593 2278 1638 coniuraverant

334 1732 336 1735 r
399 1680 472 1731 ius
503 1680 679 1726 civium
711 1680 962 1725 amiserant
998 1681 1119 1741 (Cat.
1156 1688 1198 1733 1,
1221 1687 1295 1734 11,
1316 1686 1402 1734 28;
1434 1687 1478 1734 3,
1501 1687 1546 1733 6,
1568 1682 1669 1740 15),
1700 1688 1747 1725 et
1780 1681 1979 1725 Senatus
2009 1694 2086 1724 eos
2114 1679 2279 1739 paullo

401 1776 508 1812 aute
539 1776 705 1812 contra
737 1767 1079 1827 rempublicam
1113 1767 1271 1813 fecisse
1302 1767 1592 1812 iudicaverat
1626 1767 1755 1827 (Sall.
1789 1782 1830 1810 c.
1861 1767 1956 1825 50),
1988 1775 2035 1810 et
2065 1766 2281 1811 Consuli-

403 1852 492 1896 bus
525 1853 731 1898 formula
761 1854 844 1898 illa
875 1854 1072 1906 „darent
1103 1870 1295 1914 operam
1326 1853 1574 1905 Consules,
1614 1869 1673 1897 ne
1704 1852 1825 1913 quid
1858 1868 1978 1912 resp.
2010 1851 2280 1896 detrimenti

402 1947 619 1998 caperet“
662 1947 869 1999 potestas
912 1941 959 1985 in
1002 1957 1099 2001 rep.
1141 1941 1347 1986 maxima
1378 1939 1604 2001 permissa
1635 1939 1811 1993 fuerat,
1858 1954 1956 2000 qua
1996 1940 2091 1984 sine
2113 1938 2279 1998 populi

401 2028 527 2070 iussu
558 2026 791 2071 iudicium
826 2043 1065 2071 summum
1100 2028 1320 2071 haberent
1364 2027 1494 2087 (Sall.
1526 2042 1568 2071 c.
1600 2027 1705 2085 29):
1750 2035 1907 2071 tamen
1938 2024 2121 2069 inimici
2150 2023 2280 2069 Cice·

404 2112 549 2164 ronis,
602 2113 870 2158 coniuratos
909 2117 1025 2158 cives
1067 2112 1246 2156 iniussu
1289 2092 1459 2172 populi
1501 2120 1687 2156 necatos
1728 2112 1958 2164 dicentes,
2009 2109 2278 2159 Consulem,

402 2198 623 2245 abdicato
663 2199 966 2258 magistratu,
1017 2214 1108 2243 non
1151 2205 1370 2259 poterant
1416 2197 1504 2243 nisi
1547 2197 1605 2243 de
1644 2199 1919 2260 Sempronia
1964 2200 2068 2257 lege
2120 2202 2281 2256 postu-

403 2285 512 2330 lare.
564 2314 615 2320 —
674 2285 766 2330 Sed
818 2286 866 2329 in
911 2286 1012 2330 loco
1058 2285 1165 2338 illo,
1229 2301 1372 2346 quem
1424 2301 1482 2330 ex
1534 2293 1705 2346 quarta
1755 2285 1965 2329 oratione
2014 2283 2277 2334 attulimus,

404 2388 498 2418 non
530 2371 952 2433 praetermittenda
982 2382 1050 2416 est
1084 2373 1323 2433 praeclara
1343 2374 1602 2419 coniectura
1626 2372 1907 2424 Sclmitzeri.
1970 2373 2130 2422 Quum
2152 2370 2276 2415 enirn

402 2460 494 2505 iam
531 2460 795 2512 Ενηεεεὶηε,
828 2459 1119 2518 intelligenS,
1164 2459 1219 2504 C.
1252 2459 1543 2511 Gracchum,
1584 2459 1783 2503 latorem
1814 2457 1931 2518 legis
1961 2455 2276 2518 Semproniae,

405 2562 498 2592 non
535 2546 705 2607 populi
739 2547 886 2599 iussu,
920 2546 1000 2591 sed
1035 2547 1085 2590 L.
1124 2546 1305 2606 Opimii
1329 2546 1436 2591 Cos.
1468 2545 1667 2605 imperio
1699 2546 2038 2604 interemptum
2069 2559 2184 2594 esse,
2229 2551 2276 2585 et

407 2632 681 2678 Ciceronem
730 2634 817 2678 hoc
856 2633 1073 2693 exemplo
1114 2632 1278 2676 docere
1318 2632 1541 2683 voluisse,
1592 2631 1735 2676 etiam
1783 2629 2051 2677 coniuratos
2100 2627 2276 2672 iniussu

405 2717 574 2778 populi
606 2718 811 2764 interfici
835 2734 982 2778 posse,
1015 2721 1221 2770 „iniussu
1235 2726 1380 2780 pop-‘⁶
1414 2717 1694 2779 scripsisset:
1728 2706 2040 2765 Scknitzermz
2070 2713 2277 2759 feliciore

403 2804 562 2856 etiam,
592 2813 646 2849 ut
681 2805 797 2850 mihi
833 2804 1034 2857 videtur,
1068 2804 1404 2857 emendatione,
1438 2804 1580 2848 verbo
1611 2806 1798 2865 denique
1828 2803 1878 2848 in
1908 2817 2046 2861 neque
2076 2807 2275 2851 mutato,

402 2890 560 2935 locum
600 2890 665 2934 sic
704 2890 973 2935 constituit:
1026 2907 1194 2950 „neque
1232 2891 1387 2950 ipsum
1429 2890 1625 2935 latorem
1658 2891 1958 2950 Semproniae
1999 2886 2113 2947 legis
2151 2889 2278 2931 iussu

2644 2219 2649 2229 z

2661 2270 2665 2277 .

2663 2306 2669 2316 r

2661 2363 2669 2382 ε’

2660 2568 2666 2577 ι

2661 2602 2666 2611 ο

2652 2639 2668 2669 a}

2647 2669 2671 2814 ξ
