2699 3404
1227 292 1577 340 —le—

650 416 868 474 Denique
910 416 1057 476 digna
1097 424 1165 461 est
1204 431 1323 475 quae
1362 421 1671 474 cognoscatur
1714 417 1979 463 Eiclastadii
2020 420 2248 465 sententia
2289 416 2340 466 in

466 503 568 552 illo,
620 501 753 546 cuius
794 518 938 562 supra
981 503 1263 548 mentionem
1296 500 1514 555 fecimuS‚
1570 501 1900 553 Quaestionum
1932 504 2336 565 Philologicarum

464 590 717 651 Specimine
759 591 915 643 tertio,
961 592 1017 636 de
1058 589 1339 637 orationibus
1374 588 1693 641 Catilinariis,
1745 589 1884 636 Ieuae
1935 606 2088 637 mense
2119 591 2335 652 Augusto

465 683 583 724 1837
616 677 757 730 edito,
791 675 1049 736 proposita.

646 774 893 820 Productis
925 775 1018 821 iam
1052 777 1273 829 testibus,
1316 777 1402 837 qui
1443 776 1595 821 adhuc
1637 776 1942 827 exstiterunt,
1991 777 2230 830 omnibus,
2277 781 2340 821 ad

466 869 609 922 ipsam
640 878 846 906 caussam
878 862 1173 916 accedamus,
1205 862 1254 908 in
1288 880 1385 924 qua
1413 863 1463 908 id
1497 861 1815 923 quaerendum
1847 867 1940 915 est,
1973 877 2136 908 verene
2166 863 2337 909 Ahren-

461 949 554 991 sius
585 948 657 999 id,
689 947 739 991 in
773 964 870 1007 quo
902 949 1160 993 sententiae
1192 949 1291 993 eius
1324 965 1509 994 summa
1540 948 1828 1001 continetur,
1862 946 2179 1002 contenderit,
2212 965 2338 1010 prae-

461 1034 585 1079 clare
620 1041 832 1079 constare
862 1034 1043 1086 omnia,
1091 1035 1153 1086 si,
1198 1034 1379 1080 abiecta
1410 1035 1620 1081 oratione
1650 1051 1726 1088 ea,
1767 1049 1890 1096 quae
1922 1033 2059 1079 hodie
2089 1043 2258 1094 quarta
2287 1036 2337 1082 in

463 1120 719 1166 Catilinam
762 1118 936 1173 fertur,
984 1119 1077 1165 alia
1119 1127 1394 1181 quaeratur,
1444 1127 1712 1181 temporum
1751 1119 1931 1165 invidia
1964 1121 2241 1181 absumpta,
2286 1138 2338 1166 ea

464 1222 587 1268 quae
617 1205 818 1267 epistola
849 1206 910 1252 ad
934 1206 1148 1252 Atticum
1185 1209 1244 1267 (2,
1275 1208 1319 1266 l)
1353 1213 1399 1252 et
1431 1207 1642 1252 oratione
1664 1205 1913 1252 Pisoniana
1945 1208 2005 1266 (7,
2031 1207 2106 1266 14)
2138 1206 2338 1267 aliisque

460 1293 645 1339 indiciis
676 1293 970 1352 significetur
1005 1296 1070 1354 (p.
1106 1295 1199 1354 79).

640 1395 764 1440 Tota
794 1394 876 1439 illa
910 1393 1147 1452 quaestio,
1189 1410 1311 1454 quae
1352 1394 1409 1439 de
1453 1402 1867 1439 monumentorum
1900 1401 2110 1439 veterum
2141 1392 2340 1437 auctori-

464 1489 561 1525 tate
594 1480 877 1533 instituitur,
912 1479 1021 1524 inde
1048 1479 1282 1540 proficisci
1315 1479 1469 1531 debet,
1502 1487 1556 1523 ut
1579 1478 1877 1524 contentione
1910 1477 2115 1539 quadam
2139 1484 2186 1521 et
2219 1493 2341 1521 com—

463 1567 705 1626 paratione
737 1567 862 1612 facta
893 1567 1141 1618 doceatur,
1187 1582 1293 1610 eum
1326 1566 1522 1619 librum,
1564 1565 1622 1609 de
1663 1566 1799 1610 cuius
1837 1565 2031 1609 veritate
2070 1563 2333 1616 dubitatur,

459 1653 515 1698 iis
543 1652 803 1699 virtutibus
832 1661 1055 1700 ornatum
1088 1654 1150 1698 ab
1181 1652 1333 1713 iisque
1365 1651 1491 1696 vitiis
1523 1651 1781 1697 immunem
1814 1667 1922 1703 esse,
1954 1650 2131 1710 quibus
2164 1649 2334 1709 reliqui

462 1740 668 1784 eiusdem
718 1740 963 1799 scriptoris
1010 1739 1144 1790 libri,
1197 1739 1255 1782 de
1301 1755 1507 1798 quorum
1547 1739 1743 1783 veritate
1785 1738 1905 1782 inter
1942 1752 2102 1781 omnes
2139 1744 2333 1789 constat,

461 1832 720 1868 censentur.
785 1827 942 1873 Quare
974 1824 1011 1867 si
1045 1824 1234 1885 probari
1270 1833 1448 1883 posset,
1494 1825 1542 1868 in
1577 1841 1649 1876 ea,
1690 1825 1748 1869 de
1782 1840 1878 1884 qua
1908 1823 2086 1883 agitur,
2128 1822 2336 1866 oratione

457 1925 641 1953 omnem
683 1910 948 1967 argumenti
983 1912 1373 1969 perpetuitatem,
1420 1911 1756 1955 sententiarum
1802 1910 1964 1954 seriem
2002 1909 2335 1967 dictorumque

457 1994 822 2039 concinnitatem
857 1995 926 2039 ita
958 1995 1223 2047 desiderari,
1257 2007 1311 2040 ut
1342 1997 1541 2042 aliarum
1564 1996 1793 2047 omnium,
1827 2012 1948 2056 quae
1963 1993 2202 2039 Ciceronis
2232 2009 2335 2037 vere

455 2097 547 2125 esse
581 2089 839 2140 putantur,
873 2080 1189 2126 dissimillima
1219 2080 1477 2126 videretur:
1523 2082 1581 2126 de
1614 2082 1810 2142 reliquis
1839 2082 2084 2132 omnibus,
2119 2096 2239 2141 quae
2274 2080 2334 2125 ad

456 2168 573 2211 hanc
607 2167 931 2226 quaestionem
955 2167 1210 2226 pertinent,
1246 2167 1490 2227 disputare
1512 2167 1649 2212 facile
1676 2167 2095 2227 supersederemus
2152 2166 2205 2211 ln
2237 2183 2333 2226 quo

458 2269 619 2310 genere
652 2252 983 2296 admirandum
1016 2262 1105 2304 est,
1155 2270 1299 2312 quam
1342 2253 1467 2298 varie
1507 2262 1553 2298 et
1590 2253 1819 2298 contrarie
1851 2270 1878 2298 a
1910 2252 2021 2298 viris
2053 2251 2333 2298 doctissimis

457 2346 502 2381 et
536 2337 913 2396 ingeniosissimis
939 2338 997 2383 de
1017 2350 1191 2399 quarta
1213 2339 1423 2385 oratione
1444 2339 1724 2385 Catilinaria
1746 2338 2008 2385 iudicatum
2041 2339 2114 2384 sit.
2179 2340 2330 2389 Quam

456 2422 581 2467 enim
614 2423 869 2469 orationem
903 2432 1101 2486 propter
1131 2424 1369 2485 singulare
1401 2424 1589 2470 dicendi
1627 2424 1881 2480 artificium
1917 2426 2254 2471 Middletonius
2284 2435 2330 2470 et

465 2510 529 2554 W
527 2512 755 2555 ielandius
796 2511 906 2555 satis
946 2510 1169 2555 admirari
1205 2527 1298 2556 non
1332 2512 1667 2571 potuerunt:*)
1717 2529 1769 2557 ea
1801 2514 2033 2560 Akrensio
2075 2519 2171 2556 tam
2212 2514 2332 2556 male

521 2718 553 2753 *)
590 2715 741 2747 Wieland
752 2715 1011 2755 Uebersetzung
1034 2717 1093 2750 der
1107 2718 1222 2752 Briefe
1245 2719 1306 2751 des
1331 2719 1463 2756 Cicero,
1489 2717 1554 2750 Bd·
1579 2721 1607 2757 l,
1631 2719 1668 2752 S.
1690 2723 1752 2752 90:
1797 2721 1894 2759 „Auf
1912 2720 2042 2757 diesen,
2066 2717 2168 2750 leicht
2189 2718 2325 2750 vorhcr-

586 2783 805 2817 zusehenden
829 2784 1046 2825 Augenblick
1068 2788 1289 2820 vermuthlich
1314 2788 1401 2821 wohl
1423 2786 1646 2827 vorbereitet‚
1678 2788 1760 2821 hielt
1784 2789 1904 2823 Cicero
1928 2799 1998 2822 nun
2022 2787 2076 2820 die
2099 2787 2197 2819 vierte
2218 2786 2328 2819 seiner

588 2853 872 2886 Catilinarischen
899 2854 1031 2892 Redeo,
1054 2856 1181 2888 welche
1204 2856 1387 2890 Middleum
1409 2857 1471 2889 mit
1494 2857 1603 2890 Recht
1625 2858 1681 2890 fiir
1705 2857 1759 2891 ein
1784 2857 2029 2892 Meisterstiick
2051 2856 2111 2889 der
2135 2856 2246 2889 Kunst
2267 2857 2328 2889 des

590 2924 743 2957 Redners
765 2925 834 2958 und
859 2923 920 2957 des
944 2923 1204 2959 staatsmannes
1226 2926 1361 2960 erklart.
1408 2925 1490 2959 Wie
1520 2926 1823 2962 ausserordentlich
1856 2927 1938 2960 aber
1969 2924 2056 2958 auch
2084 2924 2146 2959 das
2169 2925 2324 2961 Redner·
