2699 3404
1209 283 1568 329 -XVI—

449 425 542 456 non
571 416 758 454 tantum
791 407 842 454 in
875 407 1179 455 Marcelliana
1209 414 1256 452 et
1287 405 1597 461 Catilinariis‚
1644 407 1721 454 sed
1763 407 1812 454 in
1851 407 1954 455 aliis
1994 423 2188 471 quoque
2224 426 2323 458 ora-

446 495 660 562 tionibus
688 494 929 541 Ciceronis
957 494 1284 548 inveniuntur,
1331 510 1453 555 quae
1489 493 1849 541 fastidiosiorem
1887 496 2105 542 lectorem
2146 498 2319 543 morari

445 591 593 644 atque
621 582 738 629 adeo
768 582 889 627 male
919 580 1088 626 habere
1119 580 1312 642 possint.
1361 581 1488 630 Quas
1521 579 1715 641 quidem
1746 582 1977 627 orationes
2008 581 2139 642 prius
2171 597 2317 643 quam

454 670 645 715 reiicere
668 677 912 728 tamquam
935 667 1196 713 subditivas
1215 666 1438 719 ausimus,
1469 665 1723 727 diligenter
1741 665 2087 726 dispiciendum
2110 668 2325 714 existimo

450 757 682 818 primum,
734 769 832 815 quo
878 761 1093 815 tempore
1145 770 1298 816 quove
1348 753 1491 799 animi
1542 753 1710 799 habitu
1753 752 1919 800 Cicero
1970 770 2045 801 eas
2089 755 2319 808 habuerit,

448 849 697 903 paratusne
743 856 798 885 ac
850 840 1108 885 meditatus
1169 842 1227 886 ad
1287 840 1539 886 dicendum
1594 841 1892 899 processerit,
1955 849 2002 886 et
2052 842 2322 903 tranquillis

446 928 586 972 rebus
616 927 840 971 omnibus
870 926 1061 980 dixerit,
1095 942 1154 971 an
1188 934 1383 986 urgente
1415 926 1699 978 necessitate,
1732 925 1938 970 externis
1963 928 2321 988 tempestatibus

444 1019 723 1065 commotus,
756 1012 805 1057 in
833 1014 1155 1072 extemporale
1176 1013 1352 1058 flumen
1385 1029 1430 1057 se
1461 1012 1735 1063 coniecerit;
1769 1011 1936 1056 deinde
1967 1021 2128 1060 utrum
2159 1015 2322 1060 limare

446 1099 647 1144 habitas·
673 1098 899 1152 voluerit,
955 1114 1013 1143 an
1054 1105 1274 1159 exceptas
1314 1106 1553 1145 teneamus
1591 1099 1653 1143 ab
1693 1097 1933 1151 actuariiS,
1983 1114 2102 1160 quos
2140 1110 2322 1148 constat

445 1200 537 1230 non
562 1199 665 1230 raro
688 1185 830 1230 verba
858 1185 1059 1231 dicentis
1091 1186 1214 1230 male
1246 1187 1519 1230 subsecutos
1550 1201 1665 1237 esse;
1698 1185 1904 1246 denique
1935 1193 2096 1232 utrum
2127 1189 2323 1249 vestigia

445 1272 681 1333 quaedam
713 1271 1137 1331 interpolationum
1160 1272 1571 1333 deprehendantur
1601 1271 1650 1316 in
1681 1271 1738 1315 iis
1769 1271 2075 1325 orationibuS,
2107 1291 2225 1334 quas
2253 1276 2322 1321 ita

445 1359 637 1409 habuit,
689 1365 743 1402 ut
774 1357 1122 1402 commentandi
1163 1358 1357 1418 quidem
1399 1357 1606 1417 spatium
1644 1365 1692 1401 et
1724 1356 1983 1402 meditandi
2015 1359 2321 1404 commoditas

446 1443 652 1489 defuisse
698 1443 896 1497 dicenti,
948 1444 1027 1488 sed
1075 1444 1239 1504 aliqua
1283 1452 1439 1489 tamen
1478 1444 1666 1488 illarum
1710 1459 1821 1503 pars
1859 1442 2007 1503 ipsius
2047 1443 2235 1503 ingenio
2273 1455 2320 1491 et

449 1538 546 1575 arte
587 1530 715 1574 haud
756 1530 951 1589 indigna
988 1530 1217 1575 videatur.
1287 1531 1358 1575 Ex
1391 1546 1488 1589 quo
1521 1546 1685 1588 genere
1716 1537 1884 1590 quarta
1913 1536 1982 1574 est
2016 1528 2317 1581 Catilinaria,

446 1616 581 1661 cuius
604 1618 775 1676 priora
810 1619 906 1662 tria
934 1618 1089 1677 capita
1122 1624 1303 1675 partem
1336 1617 1549 1661 efficiunt
1579 1614 1824 1666 orationis,
1861 1614 1919 1659 de
1950 1630 2047 1675 qua
2076 1614 2237 1661 Cicero
2268 1616 2315 1660 in

444 1701 675 1762 epistolis,
708 1709 756 1745 et
789 1701 1039 1746 Sallustius
1072 1701 1118 1745 in
1150 1702 1288 1755 libro,
1321 1702 1405 1762 qui
1439 1709 1509 1745 est
1541 1701 1598 1746 de
1630 1702 1754 1746 bello
1779 1701 2070 1753 Cafflinario,
2102 1711 2315 1754 narrant;

444 1789 522 1834 sed
556 1804 680 1850 quae
711 1795 1000 1849 sequuntur,
1039 1804 1122 1833 nec
1155 1788 1396 1848 pertinent
1428 1787 1488 1833 ad
1521 1787 1627 1840 illa,
1672 1804 1776 1841 nec,
1810 1789 1846 1833 si
1879 1789 2115 1841 abessent,
2146 1788 2320 1833 deside-

448 1884 676 1920 rarentur.
754 1874 931 1920 Addito
975 1876 1114 1920 semel
1150 1876 1519 1935 complemento,
1571 1875 1669 1920 fieri
1714 1864 1852 1920 facile
1897 1875 2077 1934 potuit,
2127 1882 2179 1919 ut
2220 1882 2318 1920 tota

442 1962 596 2006 oratio
629 1962 676 2005 in
711 1960 923 2006 ordinem
954 1959 1283 2006 Tullianarum
1319 1961 1654 2021 reciperetur.“
1719 1961 1769 2005 ln
1809 1961 2002 2006 eandem
2043 1961 2317 2010 sententiam

446 2048 750 2093 Sclmitzerus
781 2047 829 2090 iu
867 2046 1193 2098 Quaestionum
1211 2047 1617 2093 Ciceronianarum
1630 2047 1883 2093 Particula
1914 2049 2105 2093 sec-unda
2142 2046 2208 2107 (p.
2243 2048 2315 2105 14)

444 2134 551 2178 haec
594 2132 880 2193 disputavit:
951 2133 1107 2192 ‚‚Ego,
1161 2148 1311 2192 quum
1352 2131 1523 2177 scholis
1562 2132 1794 2177 orationes
1833 2132 2133 2178 Catilinarias
2172 2132 2318 2192 expli-

444 2235 610 2271 carem,
643 2218 797 2263 nescio
832 2218 1073 2279 quomodo
1105 2217 1153 2263 in
1187 2218 1306 2263 hanc
1337 2216 1646 2278 suspicionem
1679 2217 1848 2269 incidi,
1879 2218 2046 2263 habere
2079 2234 2163 2263 nos
2192 2233 2319 2262 veras

446 2304 636 2364 quidem
685 2304 927 2349 Ciceronis
965 2314 1011 2349 et
1061 2304 1333 2349 relationem
1380 2305 1631 2349 salutarem
1679 2304 1808 2349 illam
1856 2313 2001 2365 atque
2048 2305 2315 2365 diligentem

443 2392 512 2449 (in
550 2390 639 2435 Pis.
674 2397 716 2441 7,
750 2394 827 2449 14)
860 2398 907 2435 et
939 2391 1221 2442 orationem,
1255 2390 1436 2434 habitas
1469 2390 1614 2434 Nonis
1647 2391 1785 2442 Dec.;
1834 2391 1912 2435 sed
1951 2392 2221 2436 relationem
2253 2391 2318 2434 in-

443 2477 659 2521 tercisam
694 2476 813 2522 forte
845 2494 900 2522 ac
933 2477 1174 2530 mutilam,
1223 2477 1318 2521 sive
1356 2484 1472 2520 esset
1512 2478 1572 2521 ab
1611 2477 1725 2536 ipsis
1755 2478 1992 2523 Ciceronis
2030 2478 2219 2523 notariis
2250 2477 2317 2521 ita

442 2573 686 2609 contracta
727 2574 772 2608 et
813 2566 1110 2617 circumcisa,
1165 2565 1259 2609 sive
1301 2581 1328 2608 a
1369 2563 1552 2608 serioris
1592 2565 1758 2609 aetatis
1797 2565 1999 2610 librariis
2041 2565 2314 2625 depravata:

444 2652 517 2695 cui
552 2651 664 2697 inde
696 2667 723 2695 a
755 2667 859 2711 cap.
895 2652 1055 2711 quarti
1094 2651 1231 2697 initio
1272 2667 1326 2696 ea
1365 2666 1475 2710 pars
1518 2650 1662 2696 veluti
1698 2651 1866 2698 adsuta
1897 2651 2039 2704 foret,
2088 2665 2183 2710 qua
2223 2665 2316 2694 sen-

445 2738 611 2782 tentias
641 2736 809 2782 Cicero
841 2737 1207 2796 interpellavit.“

620 2824 806 2877 Fateor,
849 2823 975 2869 hunc
1016 2830 1112 2867 tam
1155 2822 1440 2883 singularem
1480 2831 1524 2867 et
1558 2838 1705 2885 paene
1737 2824 2079 2886 conspirantem
2111 2820 2312 2867 duorum

443 2907 820 2955 doctissimorum
856 2909 1063 2955 virorum
1099 2925 1372 2955 consensum
1413 2909 1546 2956 initio
1587 2911 1879 2957 vehementer
1916 2910 2125 2956 animum
2158 2924 2312 2954 meum
