2699 3404
1138 275 1446 321 -111—

354 418 545 449 evasura
584 410 701 447 esset
741 401 825 447 illa
864 398 1227 460 argumentandi
1271 398 1406 444 ratio.
1471 396 1598 443 Idem
1640 396 1690 441 in
1723 396 2013 457 praefatione
2043 396 2105 442 ad
2136 412 2234 443 ora-

357 490 530 535 tionem
563 504 651 550 pro
673 487 741 532 M.
762 485 987 535 Marcello
1008 502 1036 532 a
1059 502 1107 531 se
1128 484 1345 531 Ciceroni
1368 483 1688 530 abiudicatam
1720 487 1789 544 (p.
1803 484 2024 531 XXXIX.
2039 494 2085 530 et
2097 485 2233 543 XL),

356 592 505 638 quum
536 573 773 636 postulat,
817 572 855 617 si
892 573 1001 634 quis
1040 579 1180 626 esset,
1222 571 1299 616 cui
1338 573 1574 633 perlectus
1604 569 1967 615 commentarius
1996 570 2235 616 videretur

356 663 512 723 ipsum
545 659 816 705 Ciceronem
850 657 1153 711 calumniari,
1199 665 1253 703 ut
1293 658 1333 703 is
1373 657 1639 717 periculum
1679 656 1852 702 faceret
1883 655 2114 702 orationes
2147 674 2234 717 pro

356 748 620 809 Ligarioet
654 747 898 799 Deiotaro,
943 749 1014 793 vel
1053 747 1195 791 aliam
1236 759 1567 806 quamcunque,
1605 742 1764 787 eadem
1798 742 1979 787 ratione
2009 744 2235 788 calumni-

354 834 494 886 andi,
546 831 658 877 satis
689 839 850 891 aperte
883 831 1137 885 indicavit,
1188 847 1259 884 se,
1313 847 1411 891 quo
1444 840 1655 890 tempore
1687 831 1798 874 haec
1829 832 1970 875 verba
2000 831 2236 876 scribebat

357 922 424 979 (d.
463 927 535 967 15.
568 919 672 964 Jan.
706 936 748 963 a.
785 919 936 979 1802),
967 919 1025 964 de
1058 918 1240 964 nullius
1270 918 1509 972 orationis,
1540 926 1726 978 praeter
1757 917 1839 961 has
1871 917 2098 978 quinque,
2131 928 2235 964 tum

354 1006 590 1054 Ciceronis
624 1004 812 1051 habitae
843 1006 1122 1052 auctoritate
1152 1005 1407 1051 dubitasse.

537 1092 722 1138 Primus
753 1090 902 1151 igitur
932 1107 1049 1145 eam,
1080 1092 1138 1137 de
1162 1107 1259 1152 qua
1282 1091 1457 1152 agitur,
1490 1090 1784 1145 sententiam,
1820 1105 2114 1151 quamquam
2141 1108 2232 1138 non

354 1180 563 1225 indicato
586 1177 788 1229 nomine,
822 1177 1071 1238 proposuit
1090 1177 1422 1224 Marcellianae
1441 1195 1472 1223 a
1501 1176 1669 1237 Wolfio
1691 1178 1839 1223 editae
1867 1192 2024 1222 censor
2049 1176 2098 1222 in
2120 1178 2234 1222 actis

354 1266 574 1313 literariis
600 1263 881 1310 lenensibuS.
935 1262 1083 1308 Cuius
1112 1279 1331 1309 censurae
1363 1279 1516 1324 quum
1543 1279 1697 1324 nuper
1729 1262 1886 1308 denuo
1918 1271 2159 1310 auctorem
2191 1282 2236 1309 se

355 1353 589 1415 professus
620 1351 679 1395 sit
697 1351 768 1397 H.
788 1350 1249 1405 C.A.Eiclzstadius,
1283 1350 1442 1411 ipsum
1473 1349 1723 1395 audiamus
1744 1350 2045 1411 philologum
2069 1351 2237 1396 acutis-

354 1441 524 1485 simum
547 1447 593 1482 et
611 1437 986 1490 disertissimum,
1008 1437 1055 1481 in
1073 1438 1394 1486 Quaestionum
1407 1439 1801 1499 philologio-arum
1821 1441 2062 1498 specimine
2084 1441 2235 1489 tertio,

353 1530 406 1572 de
438 1524 723 1571 orationibus
759 1522 1069 1575 Catilinariis,
1100 1524 1240 1567 Jenae
1270 1539 1311 1567 a.
1347 1528 1465 1569 1837
1497 1522 1682 1576 emisso,
1721 1539 1817 1568 rem
1851 1539 2035 1568 omnem
2068 1524 2231 1569 ordine

353 1619 634 1658 narrantem.
700 1609 798 1656 Ρ.9
830 1610 994 1672 „Augu
1026 1609 1158 1654 Guil.
1180 1609 1388 1661 Ernesti,
1420 1609 1500 1654 Jo.
1517 1609 1651 1671 Aug.
1676 1610 1922 1669 patruelis,
1952 1610 2236 1655 clarissimus

355 1697 472 1743 Livii
504 1696 672 1749 editor,
704 1696 841 1758 iussit
875 1713 948 1742 me
979 1697 1236 1758 aliquando
1267 1697 1506 1742 Ciceronis
1537 1696 1771 1741 orationes
1803 1696 1851 1741 in
1879 1697 2137 1742 Catilinam
2170 1698 2235 1743 ita

356 1785 569 1844 relegere,
609 1792 663 1828 ut
695 1783 731 1827 si
767 1783 886 1844 quid
919 1783 968 1829 in
1000 1783 1056 1828 iis
1087 1783 1430 1844 discrepantiae
1461 1800 1489 1827 a
1522 1783 1858 1828 consuetudine
1889 1784 2077 1828 dicendi
2109 1785 2236 1830 Cice-

357 1870 546 1917 roniana
592 1869 891 1925 invenissem,
957 1871 1047 1917 sibi
1090 1870 1360 1917 indicarem.
1440 1869 1596 1916 Finita
1643 1870 1844 1916 lectione
1896 1874 2081 1918 tertiam
2134 1872 2232 1918 dixi

355 1956 617 2002 orationem
646 1965 747 2001 tum
774 1972 802 2000 a
824 1957 1002 2012 ceteris,
1037 1965 1141 2002 tum
1173 1958 1235 2002 ab
1265 1958 1465 2003 oratoris
1488 1973 1614 2002 more
1637 1957 1901 2018 discrepare
1928 1958 2040 2003 mihi
2073 1959 2229 2004 videri.

356 2044 480 2089 Tum
513 2043 594 2088 ille
627 2057 720 2088 non
752 2042 905 2088 solum
937 2043 1234 2089 vehementer
1264 2045 1466 2105 probare
1496 2043 1775 2090 sententiam
1810 2061 1982 2095 meam,
2030 2044 2108 2088 sed
2138 2046 2232 2090 alia

356 2144 572 2189 quoque,
620 2143 743 2189 quae
784 2144 857 2172 me
895 2127 1152 2189 fugissent,
1196 2129 1483 2175 diversitatis
1515 2130 1684 2175 indicia
1715 2139 1988 2183 monstrare,
2028 2129 2235 2192 denique

356 2224 504 2261 totam
538 2215 796 2260 orationem
831 2214 1133 2262 festinantius
1164 2233 1191 2262 a
1222 2217 1445 2262 Cicerone
1477 2217 1644 2268 fusam,
1678 2231 1828 2275 neque
1863 2217 1959 2261 ulla
1990 2216 2091 2261 eius
2120 2217 2236 2263 lima

355 2302 556 2363 politam
590 2301 814 2348 iudicare.
886 2301 1028 2348 fland
1061 2302 1179 2357 scio,
1213 2318 1272 2349 an
1298 2303 1575 2365 Boettigero
1607 2300 1798 2362 cognita
1830 2301 1973 2348 fuerit
2005 2303 2236 2350 sententia

357 2388 563 2442 Ernesti,
612 2389 748 2434 cuius
780 2389 880 2451 ipse
919 2389 1088 2435 scholis
1125 2390 1317 2436 auditor
1357 2390 1471 2436 olim
1513 2388 1808 2435 interfuerat.
1871 2390 2012 2436 Certe
2049 2392 2098 2437 in
2132 2407 2234 2453 pro-

357 2458 540 2520 lusione·
579 2476 638 2521 ad
681 2477 768 2521 loc.
803 2477 901 2523 Cic.
946 2478 993 2523 in
1025 2477 1132 2523 Cat.
1165 2484 1218 2531 3,
1263 2494 1303 2524 c.
1337 2484 1365 2524 8
1397 2486 1442 2522 et
1474 2484 1505 2524 9
1545 2479 1706 2536 (1791,
1751 2493 1915 2539 opusc.
1951 2495 1998 2539 p.
2034 2481 2137 2539 125)
2182 2482 2234 2525 de

363 2562 648 2609 Catilinaria
683 2566 821 2611 tertia
868 2581 969 2610 non·
1003 2565 1293 2610 dissimiliter
1337 2564 1588 2610 iudicavit:
1643 2599 1670 2618 „
1690 2583 1772 2620 „ea
1805 2567 2023 2628 quamvis
2063 2568 2233 2613 minori

363 2665 474 2694 cura
506 2649 744 2694 elaborata
775 2658 922 2711 atque
949 2652 1142 2697 elimata
1164 2652 1309 2697 videri
1334 2661 1492 2713 queat,
1525 2668 1668 2713 quam
1693 2670 1817 2715 quae
1836 2655 1988 2699 adhuc
2008 2654 2236 2712 leguntur

360 2735 594 2781 Ciceronis
631 2737 865 2781 orationes
904 2737 1137 2796 reliquae,
1180 2738 1359 2798 quippe
1399 2754 1544 2799 quam
1576 2740 1855 2793 orationem,
1897 2754 2046 2798 quum
2079 2749 2234 2787 totum

361 2823 485 2867 diem
530 2822 577 2866 in
611 2823 780 2866 Senatu
816 2840 967 2868 rerum
1002 2839 1191 2869 suarum
1226 2826 1488 2885 sategisset,
1529 2826 1935 2886 advesperascente
1967 2826 2058 2870 iam
2093 2830 2235 2878 coelo,

362 2909 525 2955 subito
557 2925 611 2954 ac
644 2908 740 2954 sine
771 2909 1163 2955 commentatione
1190 2928 1345 2957 coram
1372 2914 1553 2972 populo
1578 2911 1862 2971 profuderit:
1897 2929 2034 2959 nemo
2068 2924 2237 2966 tamen,

1825 3000 1854 3031 Λ
1878 3001 1894 3020 5
