2699 3404
1061 297 1119 304 —-
1181 268 1354 314 xxvn
1418 295 1477 302 —

323 396 488 458 populi
518 408 691 457 poenas
723 394 840 454 reip.
872 390 1247 454 dependisse.“*)
1323 391 1481 452 Atque
1520 390 1595 435 hic
1639 396 1710 435 est
1752 390 1882 435 locus
1923 389 2207 451 praecipuus

331 480 577 535 orationis,
630 480 680 525 in
726 494 824 540 quo
870 478 1034 525 Cicero
1079 480 1309 524 laudando
1359 480 1634 540 vituperavit
1683 479 1949 523 sententiam
1993 476 2208 522 Caesaris

333 568 514 626 (Schol.
554 566 747 622 arom).
811 559 937 611 Namv
960 574 1008 610 et
1039 564 1141 624 ipse
1161 564 1330 609 Caesar
1349 564 1543 609 eundem
1566 563 1716 622 legem
1737 562 2021 622 neglexerat,
2054 578 2205 623 quum

333 654 454 699 cives
484 652 642 712 capite
672 650 1010 697 deminuendos
1038 650 1220 695 iniussu
1239 650 1413 711 vpopuli
1435 649 1713 695 decerneret.
1779 649 1951 709 ltaque
1979 651 2208 701 sententia

332 739 563 790 Caesaris,
616 737 857 790 „hominis
889 737 1127 783 mitissimi
1168 744 1315 797 atque
1345 733 1633 787 lenissimi‚“
1683 734 2021 781 iucundissima
2059 733 2211 780 ironia

333 823 694 884 perstringitur,
752 840 782 870 a
837 823 1165 870 declamatoris
1218 822 1423 869 alicuius
1483 819 1672 882 iugenio
1718 827 1820 867 toto
1869 821 1999 867 coelo
2042 819 2208 873 aliena.

333 911 554 956 Libenter
569 910 814 955 subscribo
829 909 981 955 verbis
1002 909 1091 955 viri
1113 909 1389 962 doctissimi,
1402 909 1729 959 Baeumleinii‚
1747 907 1818 952 in:
1841 907 2212 967 Zeitschrzflffir
2250 949 2253 952 .

336 1000 405 1046 die
434 998 1041 1059 Alterthumswissenschaft
1072 1005 1208 1054 1838,
1242 997 1300 1045 Ν.
1335 1004 1393 1045 9:
1425 998 1518 1052 „Es
1549 998 1628 1059 lag
1659 997 1724 1042 im
1742 996 1963 1041 Interesse
1992 993 2209 1049 Cicero's,

339 1084 427 1131 mit
462 1084 609 1130 feiner
631 1084 884 1147 Wendung
916 1086 1087 1131 Caesar
1125 1089 1189 1132 im
1226 1086 1574 1147 Widerspruche
1602 1085 1685 1129 mit
1719 1086 1817 1129 dem
1840 1083 2210 1145 Semproni-scheri

341 1172 552 1223 Gesetze,
599 1170 739 1215 sowie
782 1171 872 1215 mit
911 1172 996 1216 der
1037 1180 1357 1231 sogenannten
1397 1171 1664 1232 popularen
1694 1170 1850 1214 Partei
1883 1170 2214 1222 darzustellen,

338 1257 438 1303 und
470 1256 571 1325 Res.
606 1258 810 1314 gestem,
852 1258 958 1303 dass
988 1274 1038 1302 er
1067 1257 1118 1302 in
1149 1257 1297 1302 dieser
1329 1256 1694 1316 Interpretation
1726 1271 1818 1300 von
1850 1255 2058 1301 Caesar’s
2089 1256 2217 1302 Rede

336 1343 428 1388 den
460 1328 590 1388 Geist
627 1342 727 1388 und
766 1342 859 1388 den
898 1343 1028 1388 Takt
1068 1344 1149 1389 des
1179 1343 1383 1389 Consuls
1420 1342 1593 1387 wieder
1622 1342 1845 1395 erkennt‚
1897 1341 1980 1387 der
2009 1343 2089 1387 ihn
2120 1342 2214 1388 den

337 1426 530 1474 Antheil
543 1426 755 1473 Caesar’s
785 1444 845 1474 an
879 1428 962 1473 der
984 1429 1351 1489 Verschworung
1379 1426 1678 1473 entschieden
1709 1426 1945 1486 ignoriren
1966 1429 2133 1474 hiess.·‘
2155 1457 2217 1464 —

338 1511 546 1558 Eandem
603 1513 990 1575 significationem
1058 1514 1212 1561 verbis
1270 1514 1510 1561 Ciceronis
1570 1513 1716 1559 inesse
1772 1512 1893 1560 vidit
1949 1515 2214 1576 Appianus‚

339 1599 387 1645 b.
419 1615 458 1644 c.
492 1606 539 1652 2,
570 1606 624 1646 6:
664 1604 823 1654 ,,Γάϊός
852 1621 894 1646 τε
920 1607 1099 1666 Καῖσαρ,
1132 1602 1180 1646 οὐ
1210 1604 1458 1661 καθαρεύων
1488 1610 1564 1658 μὲν
1594 1602 1802 1653 ὑπονοίας,
1834 1602 1892 1657 μή
1926 1609 2217 1658 συνεγνωκέναι

340 1695 423 1738 τοῖς
463 1686 661 1743 ἀνδράσι,
704 1668 942 1747 Κικέρωνοὲ
973 1690 1075 1733 δὀὐ
1115 1670 1441 1747 θαρροῦντος·
1485 1695 1555 1732 καὶ
1606 1690 1743 1739 τόνδε,
1801 1689 2126 1746 ὑπεραρέσκοντα
2165 1695 2218 1748 τῷ

341 1775 467 1832 δήμῳ,
499 1779 538 1825 ἐς
568 1776 642 1819 τὸν
672 1774 811 1831 ἆγῶνα
842 1778 1160 1835 προβάλλεσθαι
1179 1803 1241 1810 ——
1270 1782 1388 1837 μέχρι
1406 1778 1570 1828 Κάτων,
1601 1777 1680 1829 ἤδη
1715 1779 1890 1834 σαφῶς
1920 1774 2219 1820 ἀνακαλύπτων

342 1862 415 1912 τὴν
445 1865 485 1911 ἐς
516 1863 588 1905 τὸν
619 1864 822 1922 Καίσαρα
852 1863 1042 1920 ὑποψίαν
1073 1883 1106 1908 κ.
1139 1883 1170 1907 τ.
1205 1869 1241 1907 λ.

524 1945 703 1991 Habita
732 1945 883 1991 oratio
913 1947 1202 2001 ConsulariS‚
1236 1963 1334 2009 qua
1366 1947 1485 2009 quid
1516 1947 1619 2008 ipse
1650 1955 1697 1992 et
1729 1947 1788 1992 de
1819 1947 1945 1992 facto
1977 1948 2216 2001 iudicaret,

341 2040 388 2077 et
419 2032 478 2078 de
511 2048 662 2093 poena
694 2040 922 2086 censeret,
968 2051 1062 2080 non
1104 2037 1301 2081 obscure
1331 2035 1497 2080 Cicero
1528 2035 1901 2095 intelligentibus
1931 2035 2218 2093 significave-

344 2127 430 2173 rat,
461 2118 667 2166 maxima
692 2127 849 2165 tamen
863 2121 1200 2167 sententiarum
1223 2122 1585 2181 studiorumque
1605 2120 1883 2164 dissensione
1905 2129 2104 2179 excepta
2130 2130 2216 2186 est.

342 2205 437 2254 Qui
479 2205 601 2250 enim
645 2212 755 2265 post
794 2205 1035 2251 Caesarem
1077 2206 1355 2252 sententiam
1395 2206 1668 2265 interrogati
1711 2214 1843 2257 sunt,
1895 2206 1968 2250 vel
1999 2206 2223 2251 Consulis

343 2292 485 2336 saluti
517 2293 588 2338 vel
622 2292 940 2337 incolumitati
976 2293 1263 2354 reipublicae
1294 2300 1577 2344 metuentes,
1621 2291 1741 2335 alius
1780 2291 1859 2335 alii
1900 2292 2024 2337 varie
2064 2293 2222 2339 adsen-

345 2376 585 2423 tiebantur
618 2379 748 2440 (Sall.
774 2395 814 2424 c.
846 2381 949 2440 52),
1000 2380 1115 2425 adeo
1156 2389 1207 2424 ut
1247 2380 1464 2426 Tiberius
1503 2379 1656 2430 Nero,
1706 2394 1856 2438 quum
1888 2378 1950 2423 ad
1990 2395 2097 2424 eum
2130 2397 2224 2424 sen-

346 2465 519 2509 tentiae
559 2464 785 2512 dicendae
824 2468 940 2512 ordo
984 2467 1380 2529 pervenisset,**)
1428 2467 1487 2511 de
1526 2474 1628 2511 tota
1671 2482 1716 2509 re
1754 2465 1998 2525 praesidiis
2035 2466 2221 2517 additis,

410 2635 442 2674 ⁴²)
475 2633 703 2669 Quaestionum
727 2635 1010 2667 Ciceronianarum
1033 2636 1162 2668 Panic.
1189 2635 1237 2672 11,
1262 2646 1295 2675 p.
1321 2638 1353 2668 7.

390 2704 445 2745 ss)
476 2702 640 2736 Tiberim
663 2703 843 2742 Neronem.
872 2714 977 2747 quum
1000 2704 1122 2737 Cicero
1145 2705 1188 2738 ad
1212 2704 1393 2737 dicendum
1417 2708 1590 2745 surgeret,
1616 2702 1767 2736 nondum
1789 2702 1984 2743 suffragium
2007 2700 2147 2740 tulisse,
2179 2713 2223 2735 ex

468 2759 554 2802 ipsa
577 2759 751 2793 Ciceronis
773 2761 928 2795 oratione
950 2765 1102 2803 apparet.
1149 2762 1198 2802 (4,
1220 2764 1252 2799 4,
1276 2763 1313 2794 7:
1349 2760 1461 2799 video,
1487 2760 1567 2793 duas
1590 2760 1693 2793 adhuc
1716 2769 1792 2793 esse
1814 2756 2020 2792 sententias:
2049 2766 2153 2791 unam
2179 2759 2222 2792 D.

479 2815 587 2847 Silani
610 2833 653 2839 —
675 2816 817 2849 alteram
842 2818 1071 2855 C.Caesaris;
1093 2821 1126 2855 4,
1150 2822 1183 2855 7,
1209 2820 1267 2850 14:
1292 2818 1478 2855 ..iaciuntur
1499 2819 1584 2850 enim
1602 2829 1697 2852 voees,
1720 2825 1808 2857 quae
1830 2814 2033 2855 perveniunt
2055 2815 2099 2847 ad
2125 2826 2223 2848 aures

480 2881 586 2911 meas,
609 2881 737 2910 eorum,
760 2872 819 2914 qni
837 2874 947 2907 vereri
966 2873 1134 2911 videntur,
1160 2879 1198 2906 ut
1221 2874 1365 2906 habeam
1391 2874 1474 2906 satis
1486 2873 1660 2915 praesidii,
1685 2873 1772 2904 etc.“
1818 2870 1918 2901 Errat
1939 2869 2042 2911 igitur
2057 2871 2224 2916 Appianas

480 2928 527 2967 (2,
551 2929 607 2971 5),
630 2928 706 2961 Tib.
733 2928 925 2968 Neronem,
949 2930 1006 2972 qui
1032 2934 1065 2962 et
1087 2929 1271 2962 honoribus
1296 2930 1444 2962 Caesare
1468 2929 1603 2961 inferior
1627 2933 1727 2963 esset.
1751 2930 1830 2958 ante
1854 2925 2040 2959 Caesarem
2063 2938 2203 2970 ponens.

1732 2995 1806 3028 D*
