2699 3404
1095 268 1420 314 —Vll—

319 396 367 440 in
399 395 745 442 dubitationem
778 401 966 447 vocata,
1000 402 1055 439 ut
1087 392 1226 439 facile
1258 392 1594 445 concedamuS,
1642 391 1820 438 nullam
1853 391 1995 438 aliam
2027 391 2198 436 oratio·

320 498 422 527 nem
468 490 602 528 tanta
643 495 752 525 cum
784 479 1018 535 doctrina,
1073 488 1211 526 tanto
1249 480 1425 540 ingenii
1469 479 1710 533 acumine,
1763 488 1896 524 tanta
1939 477 2198 540 perspicui-

317 579 437 622 tate,
482 577 615 630 tanta
653 565 859 627 denique
889 566 1117 613 orationis
1147 567 1374 613 facultate
1405 573 1453 611 et
1486 565 1545 610 ad
1579 565 1956 626 persuadendum
1988 563 2196 610 efficacia

313 655 642 717 impugnatam
674 669 782 704 esse,
815 669 959 715 quam
988 655 1049 700 ab
1067 654 1299 701 Ahrensio
1328 660 1557 715 quartam.
1622 652 1766 708 Libri,
1801 651 1848 699 in
1875 667 1974 714 quo
1995 650 2192 697 orationi

313 739 555 788 Ciceronis
587 755 754 785 nomen
787 741 1196 787 etauctoritatem
1230 739 1489 799 derogavit,
1523 724 1634 784 haec
1666 748 1734 784 est
1767 739 2036 799 inscriptio:

495 827 601 880 ,‚M.
641 827 790 872 Tullii
823 826 1059 874 Ciceronis
1089 843 1204 888 quae
1219 829 1386 887 fertur
1423 829 1577 872 oratio
1617 834 1785 887 quarta
1826 829 1874 871 iu
1911 826 2193 878 Catilinam,-

311 915 598 975 recognovit,
644 916 978 959 commentariis
1010 916 1262 966 instruxit,
1313 930 1343 958 a
1378 912 1592 959 Cicerone
1623 913 1906 957 abiudicavit
1941 913 2003 956 E.
2039 912 2104 957 A.
2139 911 2192 956 J.

311 1001 510 1046 Ahrens.
556 1000 768 1060 Coburgi
804 1006 970 1046 1832.‘⁶

464 1087 575 1132 Post
598 1086 858 1132 orationem
887 1086 1053 1147 ipsam,
1085 1087 1145 1132 ad
1168 1087 1376 1148 optimos
1398 1086 1558 1139 libros,
1592 1087 1844 1148 praecipue
1869 1085 1929 1132 ad
1949 1084 2190 1130 Erfurten-

310 1190 402 1219 sem
420 1174 660 1226 Codicem‚
695 1173 779 1234 qui
805 1174 928 1219 inter
950 1174 1371 1234 praestantissimos
1398 1173 1614 1227 habetur,
1650 1173 1935 1233 recognitam
1967 1171 2193 1233 brevique

308 1261 657 1313 commentario,
691 1259 826 1304 unice
847 1258 909 1305 ad
931 1274 1041 1313 rem,
1075 1259 1134 1305 de
1157 1276 1252 1321 qua
1274 1259 1449 1320 agitur,
1483 1259 1750 1320 pertinente
1771 1259 2073 1312 illustratam,
2107 1258 2195 1303 sin-

309 1345 514 1405 gulatim
528 1354 882 1406 pertractantur
895 1347 985 1392 loci
1006 1350 1060 1393 de
1080 1351 1350 1395 testimoniis
1359 1350 1609 1400 historicis,
1630 1351 1684 1393 de
1700 1349 1932 1399 erroribus
1945 1348 2191 1395 historicis,

315 1435 373 1478 de
402 1435 659 1479 inventione
681 1442 726 1478 et
749 1435 1045 1495 dispositione
1064 1436 1298 1487 orationis,
1319 1438 1374 1481 de
1396 1435 1836 1496 amplificationibus
1856 1434 2195 1482 sententiarum,

307 1522 360 1564 de
375 1520 733 1580 repetitionibus,
752 1523 806 1566 de
822 1524 1056 1567 sententiis
1070 1525 1320 1585 languidis,
1343 1526 1397 1569 de
1413 1539 1611 1569 sermone
1629 1521 1861 1582 verbisque
1878 1522 2118 1566 orationis.
2130 1545 2191 1553 --

304 1606 410 1652 Qua
429 1605 751 1665 disputatione
773 1608 974 1666 probare
996 1623 1130 1667 posse
1151 1608 1240 1652 sibi
1265 1609 1392 1651 visus
1412 1617 1481 1653 est
1505 1608 1577 1652 vir
1598 1608 1768 1652 doctus
1792 1608 1909 1652 hanc
1930 1606 2192 1651 orationem

307 1691 375 1734 ita
405 1708 500 1735 esse
538 1692 821 1736 auctoritate
862 1694 1167 1754 antiquitatis
1207 1695 1508 1747 destitutam,
1547 1696 1616 1739 ita
1655 1711 1764 1739 cum
1811 1694 1992 1753 reliqua
2035 1709 2188 1738 rerum

307 1779 531 1822 memoria
564 1788 877 1837 pugnantem,
918 1782 987 1825 ita
1028 1781 1078 1825 in
1115 1782 1385 1826 inventione
1415 1792 1462 1826 et
1494 1783 1827 1842 dispositione,
1868 1781 1918 1826 in
1950 1780 2191 1826 sententiis

305 1874 350 1908 et
382 1865 648 1909 elocutione
680 1882 707 1909 a
741 1867 1027 1926 perfectione
1058 1868 1368 1915 Ciceroniana
1399 1871 1752 1923 abhorrentem,
1795 1878 1847 1916 ut
1888 1885 1989 1913 eam
2030 1884 2121 1912 non
2164 1884 2190 1910 a

305 1966 490 1995 summo
528 1962 713 1996 oratore
753 1952 1036 2010 profectam,
1086 1955 1167 1999 sed
1207 1972 1235 1999 a
1275 1955 1460 2000 rhetore
1500 1957 1707 2017 quodam
1752 1958 1824 2001 vel
1866 1955 2184 2016 grammatico,

305 2038 508 2095 Augusti
550 2038 744 2082 fortasse
782 2048 956 2091 aetate,
1009 2042 1322 2100 compositam
1366 2059 1462 2087 esse
1508 2044 1810 2088 statuendum
1856 2044 1930 2087 sit.
1981 2044 2045 2101 (p.
2084 2040 2181 2097 37.)

303 2123 408 2170 Qua
447 2124 506 2167 de
545 2125 775 2169 sententia
816 2136 1072 2186 antequam
1119 2127 1381 2181 iudicetur,
1433 2145 1611 2173 necesse
1652 2140 1745 2181 est,
1793 2139 1845 2174 ut
1888 2128 1997 2173 libri
2035 2127 2093 2171 de
2133 2143 2186 2170 ea

303 2210 466 2269 scripti
500 2212 802 2264 controversi,
835 2223 1081 2272 tamquam
1114 2214 1265 2273 aliqui
1300 2224 1453 2266 testes,
1490 2216 1829 2274 producantur.

485 2299 617 2342 Duos
649 2299 946 2358 potissimum
981 2308 1226 2344 assertores
1258 2301 1471 2345 Ahrensii
1511 2317 1672 2346 caussa
1707 2309 1845 2345 nacta
1876 2309 1968 2352 est,
2003 2301 2182 2345 Paldu-

304 2399 420 2429 ntum
451 2393 498 2429 et
535 2386 777 2433 Orellium.
845 2387 906 2432 Et
940 2387 1203 2434 Paldamus
1236 2387 1432 2448 quidem
1466 2388 1513 2433 in
1551 2387 1947 2448 Ephemeridibus
1978 2389 2040 2433 ad
2070 2387 2183 2433 anti-

303 2467 501 2528 quitatis
541 2471 700 2518 studia
732 2474 1104 2533 pertinentibuS,
1149 2492 1271 2536 quae
1304 2476 1593 2522 Darnistadii
1636 2476 1877 2522 Ludovico
1918 2476 2182 2522 Christiano

304 2555 678 2605 Zimmermanno
713 2561 1003 2608 moderatore
1035 2562 1324 2610 emittuntur
1357 2564 1652 2625 (Zeitschrift
1679 2564 1758 2610 ffir
1778 2565 1855 2610 die
1875 2564 2185 2610 Alterthums-

304 2641 632 2698 wissenschaft,
668 2651 802 2701 1837,
834 2647 921 2694 No.
944 2653 1004 2694 65
1026 2656 1074 2694 et
1095 2652 1191 2708 66),
1227 2649 1441 2695 Ahrensii
1474 2651 1750 2697 sententiam
1783 2652 1851 2696 ita
1883 2650 2183 2712 approbavit,

307 2738 358 2775 ut
406 2730 464 2775 de
510 2739 678 2792 quarta
721 2734 932 2780 oratione
977 2735 1257 2781 Catilinaria
1308 2745 1469 2782 actum
1517 2753 1612 2782 esse
1658 2738 1898 2783 iudicaret.
1977 2737 2184 2783 Orellins

303 2834 411 2862 vero
471 2818 519 2862 in
572 2818 822 2866 novissima
878 2837 960 2866 sua
1006 2822 1073 2867 M.
1113 2823 1263 2867 Tullii
1307 2823 1548 2868 Ciceronis
1593 2825 1857 2868 orationum
1903 2825 2180 2868 selectarum

305 2906 653 2982 XVeditione,
704 2907 868 2952 Turici
910 2926 951 2954 a.
998 2915 1119 2955 1836
1159 2912 1401 2971 evulgata,
1449 2911 1577 2970 quod
1614 2911 1865 2956 Ahrensius
1907 2913 1966 2957 de
2011 2924 2181 2972 quarta
