2699 3404
1104 300 1164 306 —
1226 273 1336 320 X111
1398 301 1456 309 —

533 396 769 443 Orelliana
816 394 936 441 ratio
977 394 1088 442 satis
1139 411 1291 443 acrem
1342 404 1389 442 et
1433 396 1626 443 doctum
1681 396 1994 443 adversarium
2050 398 2216 443 habuit

353 481 587 530 Censorem
623 482 839 530 editionis
878 485 1135 529 orationum
1174 485 1436 530 selectarum
1474 483 1565 528 XV
1606 482 1654 527 in
1688 483 2068 543 Ephemeridibus
2110 487 2213 530 lite·

350 571 491 616 rariis
522 567 821 621 Halm-sibus,
854 568 912 628 (a.
946 573 1089 623 1837,
1122 585 1277 614 mense
1309 569 1487 630 Aprili,
1518 568 2003 629 Erg'anzungsbl'atter
2036 570 2121 615 No.
2154 576 2214 616 35

349 661 396 699 et
414 655 510 715 36).
574 653 669 699 Iam
701 660 808 699 ante
835 669 942 699 eum
969 654 1163 701 Carolus
1186 654 1449 700 Fridericus
1473 654 1783 709 Schuitzerus‚
1816 656 2213 710 tuncAraviensiS,

350 756 475 786 nunc
506 738 890 785 Heilbronnensis
932 740 1165 802 gymnasii
1196 740 1458 792 Professor,
1506 740 1556 784 in
1592 741 1920 792 Quaestionum
1953 740 2213 787 Ciceronia-

348 840 511 873 narum
545 825 798 874 Particula
831 829 1012 888 prima,
1060 841 1184 872 anno
1216 832 1337 872 1836
1367 826 1516 879 edita,
1563 827 1668 870 loco
1708 825 1791 868 illo
1829 827 1886 870 de
1923 827 2217 870 orationibus

346 910 691 956 Consularibus
729 913 788 956 ab
827 913 992 956 Orellii
1035 913 1382 973 suspicionibus
1412 913 1634 963 liberato,
1678 912 1899 955 adversus
1935 914 2214 956 Abi-ensium

355 997 555 1056 probare
599 997 866 1050 studuerat,
911 1015 1036 1052 eam,
1082 1016 1203 1060 quae
1243 1000 1381 1043 hodie
1420 1008 1597 1051 exstat,
1644 1000 1905 1042 orationem
1934 1014 1962 1042 a
1992 999 2213 1043 Cicerone

346 1084 489 1128 Nonis
523 1085 858 1129 Decembribus
888 1102 984 1130 esse
1013 1087 1238 1131 habitam.
1306 1086 1358 1130 ln
1388 1094 1596 1131 extrema
1628 1091 1763 1144 parte
1795 1082 2212 1135 commentationis,

344 1187 467 1230 quae
498 1186 552 1214 eo
584 1170 660 1215 die
691 1171 739 1215 in
771 1173 944 1217 Senatu
976 1181 1081 1218 acta
1110 1182 1240 1227 sunt,
1279 1172 1496 1218 indicatis
1528 1171 1825 1224 auctoribus,
1868 1169 1934 1215 ita
1965 1168 2212 1229 disposuit,

351 1264 403 1300 ut
435 1264 680 1318 tamquam
713 1257 759 1301 in
791 1260 958 1304 tabula
988 1260 1352 1322 conspiciantur.

525 1373 636 1426 His,
697 1390 816 1436 quae
862 1392 890 1421 a
936 1377 1206 1423 Schnitzero
1254 1379 1390 1423 docte
1433 1387 1480 1422 et
1530 1387 1746 1422 accurate
1794 1377 2037 1436 disputata
2088 1382 2211 1425 sunt,

344 1460 599 1504 Ahrensius
642 1459 691 1503 in
735 1460 899 1505 libello
948 1462 1248 1515 scholastico,
1302 1480 1454 1507 mense
1505 1464 1624 1508 lulio
1676 1463 1785 1508 anni
1836 1467 1953 1508 1837
1999 1460 2212 1519 Coburgi

341 1544 530 1598 emisso,
564 1547 791 1607 opposuit
828 1548 1157 1602 Quaestionum
1188 1566 1278 1596 nou
1316 1550 1641 1597 Tullianarum
1676 1550 1974 1596 Particulam
1995 1550 2212 1609 primam,

343 1648 457 1694 qua,
502 1631 539 1677 si
574 1632 730 1678 minus
761 1634 937 1689 omnia,
984 1651 1105 1697 quae
1133 1635 1251 1681 olim
1281 1652 1309 1681 a
1340 1652 1386 1680 se
1418 1635 1594 1697 scripta
1624 1644 1799 1689 essent,
1833 1634 2129 1683 defenderet,
2163 1649 2214 1676 ea

340 1721 501 1766 saltem
526 1728 751 1774 tueretur,
785 1722 961 1782 quibus
993 1722 1245 1768 confutatis
1276 1724 1506 1768 sententia
1538 1739 1620 1767 sua
1652 1723 1860 1783 amplius
1892 1723 2019 1767 salva
2051 1723 2211 1765 futura

339 1822 431 1851 non
464 1816 581 1852 esset
616 1808 681 1867 (p.
713 1808 778 1866 3).

518 1920 738 1965 Eiusdem
779 1921 889 1965 anni
930 1935 1082 1966 mense
1113 1922 1379 1983 Septembri
1411 1923 1731 1976 Schuitzerus,
1779 1923 1988 1966 nondum
2029 1922 2208 1980 perlato

337 2007 396 2053 ad
429 2023 535 2052 eum
570 2006 780 2053 Ahrensii
820 2006 1007 2060 libello,
1052 2007 1203 2053 edidit
1237 2009 1551 2056 Heilbrouuae
1586 2009 1911 2061 Quaestionum
1946 2007 2203 2054 Ciceronia-

338 2111 498 2140 uarum
515 2095 811 2140 Particulam
842 2098 1095 2149 secundam,
1128 2095 1176 2140 in
1209 2112 1306 2156 quo
1338 2096 1461 2141 libro
1493 2096 1543 2141 id
1574 2095 1686 2155 egit,
1721 2103 1774 2139 ut
1808 2109 1951 2154 quam
1985 2093 2031 2137 in
2068 2108 2203 2152 supe-

339 2181 456 2226 riore
488 2180 882 2226 commentatione
925 2180 1199 2226 sententiam
1234 2188 1565 2241 proposuerat,
1613 2180 1670 2224 iis
1710 2194 1831 2239 quae
1864 2178 2117 2223 Ahrensius
2155 2178 2206 2221 in

335 2267 560 2312 orationis
601 2274 799 2327 quartae
838 2266 1039 2311 editione
1079 2267 1137 2310 de
1177 2266 1411 2311 erroribus
1450 2265 1703 2318 historicis,
1750 2266 1808 2310 de
1849 2265 2120 2309 inventione
2159 2273 2206 2308 et

335 2350 662 2411 dispositione,
709 2354 767 2398 de
811 2352 1032 2398 sermonis
1061 2361 1109 2398 et
1141 2353 1389 2397 verborum
1421 2368 1448 2396 a
1479 2351 1717 2397 Ciceronis
1749 2350 2087 2397 consuetudine
2119 2350 2204 2394 dis-

334 2441 580 2497 crepantia
602 2441 939 2501 disputaverat',
972 2440 1248 2492 refutandis,
1280 2438 1454 2483 additis
1484 2439 1624 2483 etiam
1658 2448 1868 2484 veterum
1902 2438 2199 2499 scriptorum,

335 2524 510 2584 quibus
540 2527 794 2572 auctoritas
825 2527 1052 2571 orationis
1084 2526 1270 2578 nititur,
1304 2524 1594 2577 testimoniis,
1628 2525 1943 2570 confirmaret.

511 2637 640 2687 Quae
671 2641 721 2684 in
753 2640 822 2685 his
855 2639 1067 2685 Ahrensii
1100 2639 1452 2701 Schnitzerique
1484 2639 1617 2685 libris
1648 2638 1895 2699 disputata
1926 2646 2047 2689 sunt,
2083 2637 2201 2680 bene

333 2724 454 2768 inter
484 2740 530 2768 se
561 2728 806 2773 contendit
840 2728 1136 2782 Baeumleiu‚
1181 2725 1413 2770 Professor
1444 2725 1853 2776 Heilbronnensis‚
1892 2724 1941 2767 in
1972 2721 2202 2782 Epheme-

332 2809 513 2855 ridibus
543 2811 999 2859 Darmstadiensibus
1032 2811 1325 2872 (zeitschrift
1357 2812 1437 2857 fiir
1467 2813 1544 2858 die
1576 2808 2199 2860 Alterthumswissenschaft,

333 2902 466 2950 1838,
500 2897 556 2942 N.
576 2902 603 2941 8
635 2904 681 2941 et
711 2897 781 2956 9),
815 2899 882 2944 ita
914 2908 1084 2954 tamen,
1121 2908 1174 2945 ut
1206 2900 1461 2946 secundum
1494 2899 1811 2944 Schnitzerum
1846 2895 2196 2956 pronunciaret.
