2699 3404
1051 324 1112 333 —-
1175 298 1338 345 XXXI
1401 324 1460 332 -

326 424 402 470 Sic
442 424 635 470 vocibus
664 420 906 476 Consulis,
953 422 1128 468 terrore
1166 419 1423 483 praesentis
1461 421 1717 475 exercitus,
1767 422 1906 467 minis
1943 421 2203 468 amicorum

327 510 517 573 Pompei
570 508 789 572 plerique
842 508 1101 571 compulsi,
1161 508 1299 555 inviti
1348 516 1395 554 et
1445 508 1597 554 coacti
1647 506 1880 568 Scipionis
1925 509 2202 556 sententiam

325 603 636 660 sequuntur.“
699 595 845 657 (Caes.
876 596 936 642 de
968 597 1015 643 b.
1049 612 1090 642 c.
1126 603 1168 651 1,
1200 598 1269 657 2.)

504 682 760 743 Reliquum
806 690 899 734 est,
955 690 1009 727 ut
1049 685 1325 745 scriptorum
1368 691 1569 730 veterum
1605 681 1662 727 de
1702 683 1915 728 oratione
1953 682 2199 728 Consulari

325 773 472 821 Nonis
487 769 827 816 Decembribus
851 769 1013 815 habita
1044 771 1303 816 testimonia
1323 768 1668 814 examinentur.
1730 769 1916 818 Quibus
1949 785 2041 815 non
2074 784 2202 830 prae-

324 858 531 904 iudicata
560 856 780 916 opinione
809 856 933 901 inter
964 872 1011 900 se
1042 856 1343 915 comparatis,
1375 855 1527 907 facile,
1559 861 1695 916 puto,
1727 857 1993 915 apparebit,
2026 864 2202 900 veteres

322 943 571 1004 scriptores
609 958 769 987 omnes
811 944 869 987 de
909 944 996 988 hac
1034 943 1248 988 oratione
1286 943 1356 987 ita
1394 942 1645 994 indicasse,
1695 951 1749 987 ut
1788 958 1888 986 eam
1932 958 2074 1002 quam
2116 957 2200 986 nos

323 1038 546 1082 tenemus,
579 1046 671 1075 non
702 1029 859 1084 aliam,
890 1029 1186 1090 deperditam
1219 1020 1379 1084 illam,
1402 1029 1738 1090 significarent.

503 1118 663 1167 Quum
696 1116 819 1162 inter
850 1125 1047 1169 veteres,
1088 1116 1175 1177 qui
1216 1116 1265 1163 in
1308 1117 1394 1162 hac
1434 1105 1609 1163 caussa'
1634 1132 1723 1178 pro
1763 1114 2038 1161 testimonio
2075 1113 2199 1159 dixe-

325 1212 447 1258 runt,
492 1205 749 1251 Sallustius
778 1203 1090 1248 desideretur:
1138 1204 1248 1249 haec
1281 1219 1376 1249 una
1406 1204 1642 1251 Akrensio
1673 1204 1788 1249 satis
1820 1201 1974 1264 gravis
2003 1201 2103 1246 visa
2132 1209 2198 1245 est

322 1308 483 1338 caussa
522 1293 580 1338 de
620 1292 819 1337 veritate
856 1290 1083 1337 orationis
1122 1290 1392 1338 dubitandi.
1466 1292 1508 1337 Is
1545 1290 1671 1336 enim
1712 1305 1863 1351 quum
1902 1288 1970 1334 ita
2009 1288 2199 1340 iudicet,

322 1377 453 1430 „fore
483 1377 766 1438 aliquando,
802 1384 877 1429 ut,
909 1376 1039 1422 salsis
1071 1394 1099 1423 a
1130 1379 1354 1423 Cicerone
1384 1378 1619 1431 discretis,
1652 1375 1902 1422 Sallustius
1933 1374 2082 1436 pluris
2113 1375 2197 1419 fiat

320 1480 348 1510 a
378 1465 491 1510 viris
521 1463 687 1516 doctis,
721 1463 899 1524 quibus
928 1463 1085 1508 adhuc
1106 1463 1329 1509 dissensio
1358 1463 1602 1509 offensioni
1637 1463 1744 1516 fuit,
1778 1469 1847 1516 ut,
1888 1460 2019 1522 quod
2047 1458 2199 1502 detra·

323 1550 483 1593 herent
500 1548 738 1602 Sallustio,
771 1548 983 1594 Ciceroni
1009 1558 1257 1610 personato
1288 1550 1549 1595 adderent“
1584 1553 1651 1611 (p.
1678 1551 1771 1610 89),
1802 1550 1852 1594 in
1887 1548 2025 1614 unius
2057 1545 2197 1590 huius

323 1634 415 1678 fide
455 1641 605 1678 totam
643 1633 1014 1694 disputationem
1055 1653 1186 1682 suam
1228 1637 1380 1683 voluit
1418 1637 1712 1698 acquiescere
1754 1640 1822 1697 (p;
1859 1639 1979 1693 152).
2057 1630 2197 1681 Quod

323 1737 421 1783 quo
452 1720 553 1766 iure
584 1719 769 1774 fecerit,
818 1737 912 1767 non
943 1722 1138 1768 difficile
1168 1723 1258 1768 erit
1289 1724 1348 1769 ad
1380 1715 1747 1769 existimandum
1779 1722 1844 1776 ei,
1888 1722 1975 1783 qui
2006 1721 2195 1765 doctam

321 1818 369 1854 et
401 1815 668 1853 accuratam
705 1808 946 1855 Gerlachii
983 1812 1038 1857 de
1062 1809 1168 1871 fide
1208 1820 1345 1872 atque
1383 1814 1661 1859 auctoritate
1694 1812 1912 1858 Sallustii
1949 1812 2001 1856 in
2040 1809 2195 1854 coniu-

321 1897 499 1940 ratione
518 1893 752 1940 Catilinae
780 1899 1039 1943 enarranda
1069 1897 1536 1952 commentationem,
1568 1898 1618 1944 in
1649 1901 1822 1946 maiore
1851 1897 1950 1944 eius
1975 1896 2193 1943 Sallustii

320 1984 514 2027 editione
546 1980 662 2042 (Vol.
691 1980 751 2033 ΙΙ,
784 1996 833 2040 p.
868 1985 1146 2043 199—210)
1181 1985 1455 2039 exhibitam,
1486 1986 1777 2046 cognoverit.
1842 1985 2037 2030 Constat
2065 1980 2188 2025 enim

321 2068 614 2122 Sallustium,
648 2067 734 2130 qui
765 2067 814 2113 id
847 2068 1147 2129 potissimum
1180 2071 1480 2132 propositum
1512 2073 1726 2126 haberet,
1760 2080 1812 2117 ut
1842 2068 2107 2115 interiorem
2139 2071 2186 2108 et

322 2155 610 2201 reconditam
658 2153 900 2199 hominum
953 2154 1160 2200 indolem
1206 2156 1431 2217 aperiret,
1483 2174 1641 2219 saepe,
1702 2156 1905 2203 externis
1953 2154 2187 2200 factorum

322 2252 685 2302 temporumque
717 2240 1035 2286 notationibus
1068 2243 1314 2301 neglectiS‚
1357 2260 1411 2289 ea
1451 2252 1662 2298 tantum,
1705 2260 1827 2305 quae
1864 2243 1923 2289 ad
1956 2255 2184 2287 summam
2260 2298 2263 2301 Ι

322 2330 386 2374 rei
419 2330 649 2390 pertinere
681 2326 972 2381 viderentur,
1013 2343 1408 2376 commemorasse.
1476 2331 1632 2381 Quare
1670 2344 1820 2391 quum
1860 2330 2013 2375 multo
2044 2325 2184 2371 etiam

322 2413 533 2472 graviora
577 2429 700 2475 quae
746 2413 806 2459 ad
846 2412 1081 2459 Ciceronis
1128 2414 1290 2460 laudes
1334 2415 1596 2476 pertinent,
1648 2416 1821 2477 gratias
1861 2416 1904 2460 ei
1945 2430 1971 2460 a
2014 2414 2180 2458 Senatu

322 2499 474 2545 verbis
504 2500 804 2562 amplissimis
834 2510 984 2555 actas,
1027 2501 1422 2562 supplicationem
1462 2503 1562 2548 eius
1602 2505 1790 2549 nomine
1820 2503 1920 2547 Diis
1951 2502 2182 2546 immorta-

322 2587 449 2634 libus
478 2577 711 2634 decretam
746 2586 864 2649 (Cic.
900 2586 1008 2635 Cat.
1039 2596 1085 2635 3.
1117 2592 1189 2646 6),
1238 2590 1446 2650 parentis
1476 2590 1656 2651 patriae
1688 2607 1855 2637 nomen
1888 2591 1927 2634 ei
1961 2587 2179 2637 inditum,

322 2674 548 2735 denique,
594 2690 692 2733 quo
733 2674 848 2720 nihil
879 2675 1263 2722 honorificentius
1302 2693 1398 2722 esse
1438 2678 1622 2738 potuit,
1664 2678 1920 2725 Consulatu
1964 2673 2181 2719 abeuntis

323 2760 648 2809 iusiurandum
684 2761 883 2808 universi
917 2763 1086 2823 populi
1117 2778 1340 2809 consensu
1372 2766 1691 2826 approbatum
1727 2765 1830 2827 (Or.
1849 2766 1898 2807 in
1915 2762 2023 2806 Pis.
2049 2777 2091 2806 c.
2113 2765 2178 2819 3),

323 2861 472 2908 quum
504 2844 652 2907 igitur
682 2845 794 2893 haec
824 2847 982 2895 omnia
1012 2863 1039 2893 a
1070 2848 1292 2895 Sallustio
1324 2851 1645 2911 praetermissa
1675 2865 1765 2893 esse
1797 2847 2054 2894 videamus:
2087 2865 2177 2894 non

322 2938 390 2977 est
432 2931 562 2994 quod
593 2931 835 2988 miremur,
877 2935 935 2982 de
974 2935 1089 2981 actis
1128 2937 1213 2982 illo
1254 2936 1328 2982 die
1358 2936 1693 2983 Consularibus
1724 2936 1865 2979 verbo
1898 2942 2085 2980 tantum
2118 2938 2179 2980 ab
