<?xml version="1.0" encoding="UTF-8"?>
<!DOCTYPE html PUBLIC "-//W3C//DTD XHTML 1.0 Transitional//EN"
    "http://www.w3.org/TR/xhtml1/DTD/xhtml1-transitional.dtd">
<html xmlns="http://www.w3.org/1999/xhtml" xml:lang="en" lang="en">
 <head>
  <title>
</title>
<meta http-equiv="Content-Type" content="text/html;charset=utf-8" />
  <meta name='ocr-system' content='tesseract 3.04.00' />
  <meta name='ocr-capabilities' content='ocr_page ocr_carea ocr_par ocr_line ocrx_word'/>
</head>
<body>
  <div class='ocr_page' id='page_1' title='image "./4768905_0030.png"; bbox 0 0 2699 3404; ppageno 0'>
   <div class='ocr_carea' id='block_1_1' title="bbox 1153 303 1513 350">
    <p class='ocr_par' dir='ltr' id='par_1_1' title="bbox 1153 303 1513 350">
     <span class='ocr_line' id='line_1_1' title="bbox 1153 303 1513 350; baseline -0.003 0"><span class='ocrx_word' id='word_1_1' title='bbox 1153 303 1513 350; x_wconf 76' lang='lat' dir='ltr'><strong>-xxl—</strong></span> 
     </span>
    </p>
   </div>
   <div class='ocr_carea' id='block_1_2' title="bbox 355 415 2271 2568">
    <p class='ocr_par' dir='ltr' id='par_1_2' title="bbox 369 415 2271 1270">
     <span class='ocr_line' id='line_1_2' title="bbox 376 415 2271 491; baseline -0.002 -16"><span class='ocrx_word' id='word_1_2' title='bbox 376 443 471 491; x_wconf 87' lang='lat' dir='ltr'><strong>qua</strong></span> <span class='ocrx_word' id='word_1_3' title='bbox 514 428 725 475; x_wconf 89' lang='lat' dir='ltr'><strong>nondum</strong></span> <span class='ocrx_word' id='word_1_4' title='bbox 767 425 1029 489; x_wconf 86' lang='lat' dir='ltr'><strong>quicquam</strong></span> <span class='ocrx_word' id='word_1_5' title='bbox 1075 415 1390 474; x_wconf 76' lang='lat' dir='ltr'><strong>deliberatum</strong></span> <span class='ocrx_word' id='word_1_6' title='bbox 1431 435 1526 481; x_wconf 86' lang='lat' dir='ltr'><strong>est;</strong></span> <span class='ocrx_word' id='word_1_7' title='bbox 1567 426 1628 473; x_wconf 86' lang='lat' dir='ltr'><strong>ad</strong></span> <span class='ocrx_word' id='word_1_8' title='bbox 1660 427 1763 474; x_wconf 77' lang='lat' dir='ltr'><strong>Art.</strong></span> <span class='ocrx_word' id='word_1_9' title='bbox 1796 434 1841 481; x_wconf 86' lang='lat'><strong>5,</strong></span> <span class='ocrx_word' id='word_1_10' title='bbox 1871 433 1947 482; x_wconf 80' lang='lat'><strong>21,</strong></span> <span class='ocrx_word' id='word_1_11' title='bbox 1983 433 2064 475; x_wconf 85' lang='lat'><strong>13:</strong></span> <span class='ocrx_word' id='word_1_12' title='bbox 2106 441 2271 489; x_wconf 86' lang='lat' dir='ltr'><strong>„prae-</strong></span> 
     </span>
     <span class='ocr_line' id='line_1_3' title="bbox 374 508 2267 578; baseline -0.002 -16"><span class='ocrx_word' id='word_1_13' title='bbox 374 517 532 563; x_wconf 79' lang='lat' dir='ltr'><strong>sertim</strong></span> <span class='ocrx_word' id='word_1_14' title='bbox 563 530 716 578; x_wconf 88' lang='lat' dir='ltr'><strong>quum</strong></span> <span class='ocrx_word' id='word_1_15' title='bbox 748 508 982 576; x_wconf 79' lang='lat' dir='ltr'><strong>integram</strong></span> <span class='ocrx_word' id='word_1_16' title='bbox 1018 531 1113 562; x_wconf 86' lang='lat' dir='ltr'><strong>rem</strong></span> <span class='ocrx_word' id='word_1_17' title='bbox 1154 524 1448 561; x_wconf 75' lang='lat' dir='ltr'><strong>eteaussam</strong></span> <span class='ocrx_word' id='word_1_18' title='bbox 1482 515 1819 577; x_wconf 85' lang='lat' dir='ltr'><strong>reliquerim;“</strong></span> <span class='ocrx_word' id='word_1_19' title='bbox 1866 514 1925 559; x_wconf 86' lang='lat' dir='ltr'><strong>de</strong></span> <span class='ocrx_word' id='word_1_20' title='bbox 1954 515 2053 560; x_wconf 84' lang='lat' dir='ltr'><strong>Off.</strong></span> <span class='ocrx_word' id='word_1_21' title='bbox 2084 522 2138 568; x_wconf 79' lang='lat'><strong>2,</strong></span> <span class='ocrx_word' id='word_1_22' title='bbox 2181 520 2267 560; x_wconf 78' lang='lat'><strong>23:</strong></span> 
     </span>
     <span class='ocr_line' id='line_1_4' title="bbox 376 600 2271 663; baseline -0.002 -14"><span class='ocrx_word' id='word_1_23' title='bbox 376 618 501 655; x_wconf 84' lang='lat' dir='ltr'><strong>„rem</strong></span> <span class='ocrx_word' id='word_1_24' title='bbox 533 603 766 661; x_wconf 77' lang='lat' dir='ltr'><strong>integram</strong></span> <span class='ocrx_word' id='word_1_25' title='bbox 798 600 859 646; x_wconf 84' lang='lat' dir='ltr'><strong>ad</strong></span> <span class='ocrx_word' id='word_1_26' title='bbox 892 601 1100 648; x_wconf 87' lang='lat' dir='ltr'><strong>reditum</strong></span> <span class='ocrx_word' id='word_1_27' title='bbox 1133 617 1272 648; x_wconf 85' lang='lat' dir='ltr'><strong>suum</strong></span> <span class='ocrx_word' id='word_1_28' title='bbox 1304 602 1441 648; x_wconf 84' lang='lat' dir='ltr'><strong>iussit</strong></span> <span class='ocrx_word' id='word_1_29' title='bbox 1473 609 1619 647; x_wconf 82' lang='lat' dir='ltr'><strong>esse.“</strong></span> <span class='ocrx_word' id='word_1_30' title='bbox 1681 601 1757 646; x_wconf 88' lang='lat' dir='ltr'><strong>Sic</strong></span> <span class='ocrx_word' id='word_1_31' title='bbox 1789 603 2027 663; x_wconf 75' lang='lat' dir='ltr'><strong>integrum</strong></span> <span class='ocrx_word' id='word_1_32' title='bbox 2060 611 2128 646; x_wconf 81' lang='lat' dir='ltr'><strong>est</strong></span> <span class='ocrx_word' id='word_1_33' title='bbox 2157 602 2271 646; x_wconf 73' lang='lat' dir='ltr'><strong>mihi</strong></span> 
     </span>
     <span class='ocr_line' id='line_1_5' title="bbox 375 687 2266 749; baseline -0.002 -14"><span class='ocrx_word' id='word_1_34' title='bbox 375 699 475 736; x_wconf 91' lang='lat' dir='ltr'><strong>tum</strong></span> <span class='ocrx_word' id='word_1_35' title='bbox 506 687 699 740; x_wconf 85' lang='lat' dir='ltr'><strong>dieitur,</strong></span> <span class='ocrx_word' id='word_1_36' title='bbox 744 703 894 749; x_wconf 91' lang='lat' dir='ltr'><strong>quum</strong></span> <span class='ocrx_word' id='word_1_37' title='bbox 927 689 978 733; x_wconf 86' lang='lat' dir='ltr'><strong>in</strong></span> <span class='ocrx_word' id='word_1_38' title='bbox 1009 695 1249 749; x_wconf 75' lang='lat' dir='ltr'><strong>potestate</strong></span> <span class='ocrx_word' id='word_1_39' title='bbox 1277 696 1347 734; x_wconf 89' lang='lat' dir='ltr'><strong>est</strong></span> <span class='ocrx_word' id='word_1_40' title='bbox 1379 703 1506 742; x_wconf 78' lang='lat' dir='ltr'><strong>inea,</strong></span> <span class='ocrx_word' id='word_1_41' title='bbox 1551 688 1827 733; x_wconf 85' lang='lat' dir='ltr'><strong>alterutram</strong></span> <span class='ocrx_word' id='word_1_42' title='bbox 1862 696 2048 748; x_wconf 84' lang='lat' dir='ltr'><strong>partem</strong></span> <span class='ocrx_word' id='word_1_43' title='bbox 2081 687 2266 746; x_wconf 81' lang='lat' dir='ltr'><strong>eligere,</strong></span> 
     </span>
     <span class='ocr_line' id='line_1_6' title="bbox 375 773 2270 836; baseline -0.002 -16"><span class='ocrx_word' id='word_1_44' title='bbox 375 786 428 820; x_wconf 87' lang='lat' dir='ltr'><strong>ut</strong></span> <span class='ocrx_word' id='word_1_45' title='bbox 474 789 562 836; x_wconf 88' lang='lat' dir='ltr'><strong>pro</strong></span> <span class='ocrx_word' id='word_1_46' title='bbox 596 774 697 834; x_wconf 77' lang='lat' dir='ltr'><strong>Lig.</strong></span> <span class='ocrx_word' id='word_1_47' title='bbox 732 782 774 828; x_wconf 92' lang='lat'><strong>1,</strong></span> <span class='ocrx_word' id='word_1_48' title='bbox 810 782 859 820; x_wconf 88' lang='lat'><strong>1:</strong></span> <span class='ocrx_word' id='word_1_49' title='bbox 906 782 1003 827; x_wconf 92' lang='lat' dir='ltr'><strong>„ut</strong></span> <span class='ocrx_word' id='word_1_50' title='bbox 1040 774 1091 819; x_wconf 89' lang='lat' dir='ltr'><strong>id</strong></span> <span class='ocrx_word' id='word_1_51' title='bbox 1135 773 1378 833; x_wconf 87' lang='lat' dir='ltr'><strong>integrum</strong></span> <span class='ocrx_word' id='word_1_52' title='bbox 1419 774 1514 819; x_wconf 87' lang='lat' dir='ltr'><strong>iam</strong></span> <span class='ocrx_word' id='word_1_53' title='bbox 1546 789 1640 819; x_wconf 90' lang='lat' dir='ltr'><strong>non</strong></span> <span class='ocrx_word' id='word_1_54' title='bbox 1671 784 1852 827; x_wconf 87' lang='lat' dir='ltr'><strong>esset,“</strong></span> <span class='ocrx_word' id='word_1_55' title='bbox 1900 774 1932 819; x_wconf 89' lang='lat' dir='ltr'><strong>i.</strong></span> <span class='ocrx_word' id='word_1_56' title='bbox 1965 791 2004 818; x_wconf 91' lang='lat' dir='ltr'><strong>e.</strong></span> <span class='ocrx_word' id='word_1_57' title='bbox 2042 782 2095 818; x_wconf 92' lang='lat' dir='ltr'><strong>ut</strong></span> <span class='ocrx_word' id='word_1_58' title='bbox 2128 774 2270 818; x_wconf 82' lang='lat' dir='ltr'><strong>confi·</strong></span> 
     </span>
     <span class='ocr_line' id='line_1_7' title="bbox 372 860 2270 922; baseline -0.001 -17"><span class='ocrx_word' id='word_1_59' title='bbox 372 861 569 905; x_wconf 86' lang='lat' dir='ltr'><strong>tendum</strong></span> <span class='ocrx_word' id='word_1_60' title='bbox 602 869 733 912; x_wconf 90' lang='lat' dir='ltr'><strong>esset,</strong></span> <span class='ocrx_word' id='word_1_61' title='bbox 766 860 996 922; x_wconf 87' lang='lat' dir='ltr'><strong>quoniam</strong></span> <span class='ocrx_word' id='word_1_62' title='bbox 1029 861 1190 921; x_wconf 81' lang='lat' dir='ltr'><strong>negari</strong></span> <span class='ocrx_word' id='word_1_63' title='bbox 1213 860 1424 921; x_wconf 84' lang='lat' dir='ltr'><strong>amplius</strong></span> <span class='ocrx_word' id='word_1_64' title='bbox 1445 876 1538 906; x_wconf 90' lang='lat' dir='ltr'><strong>non</strong></span> <span class='ocrx_word' id='word_1_65' title='bbox 1561 869 1764 921; x_wconf 88' lang='lat' dir='ltr'><strong>poterat.</strong></span> <span class='ocrx_word' id='word_1_66' title='bbox 1830 861 1900 905; x_wconf 91' lang='lat' dir='ltr'><strong>lta</strong></span> <span class='ocrx_word' id='word_1_67' title='bbox 1920 861 1969 906; x_wconf 90' lang='lat' dir='ltr'><strong>in</strong></span> <span class='ocrx_word' id='word_1_68' title='bbox 1995 861 2080 906; x_wconf 87' lang='lat' dir='ltr'><strong>hac</strong></span> <span class='ocrx_word' id='word_1_69' title='bbox 2101 875 2270 905; x_wconf 79' lang='lat' dir='ltr'><strong>caussa</strong></span> 
     </span>
     <span class='ocr_line' id='line_1_8' title="bbox 369 946 2265 1008; baseline -0.001 -16"><span class='ocrx_word' id='word_1_70' title='bbox 369 946 648 993; x_wconf 85' lang='lat' dir='ltr'><strong>Catilinaria</strong></span> <span class='ocrx_word' id='word_1_71' title='bbox 680 962 838 992; x_wconf 85' lang='lat' dir='ltr'><strong>revera</strong></span> <span class='ocrx_word' id='word_1_72' title='bbox 871 961 964 992; x_wconf 88' lang='lat' dir='ltr'><strong>non</strong></span> <span class='ocrx_word' id='word_1_73' title='bbox 996 947 1204 1008; x_wconf 88' lang='lat' dir='ltr'><strong>amplius</strong></span> <span class='ocrx_word' id='word_1_74' title='bbox 1234 947 1474 1008; x_wconf 86' lang='lat' dir='ltr'><strong>integrum</strong></span> <span class='ocrx_word' id='word_1_75' title='bbox 1506 954 1608 993; x_wconf 82' lang='lat' dir='ltr'><strong>erat</strong></span> <span class='ocrx_word' id='word_1_76' title='bbox 1640 946 1863 992; x_wconf 87' lang='lat' dir='ltr'><strong>Patribus</strong></span> <span class='ocrx_word' id='word_1_77' title='bbox 1894 962 1986 998; x_wconf 89' lang='lat' dir='ltr'><strong>eos,</strong></span> <span class='ocrx_word' id='word_1_78' title='bbox 2018 963 2138 1007; x_wconf 92' lang='lat' dir='ltr'><strong>quos</strong></span> <span class='ocrx_word' id='word_1_79' title='bbox 2171 947 2265 992; x_wconf 87' lang='lat' dir='ltr'><strong>iam</strong></span> 
     </span>
     <span class='ocr_line' id='line_1_9' title="bbox 371 1032 2266 1095; baseline 0.001 -19"><span class='ocrx_word' id='word_1_80' title='bbox 371 1032 689 1092; x_wconf 85' lang='lat' dir='ltr'><strong>superioribus</strong></span> <span class='ocrx_word' id='word_1_81' title='bbox 721 1032 922 1080; x_wconf 81' lang='lat' dir='ltr'><strong>decretis</strong></span> <span class='ocrx_word' id='word_1_82' title='bbox 953 1032 1269 1087; x_wconf 79' lang='lat' dir='ltr'><strong>damnassent,</strong></span> <span class='ocrx_word' id='word_1_83' title='bbox 1300 1034 1554 1079; x_wconf 84' lang='lat' dir='ltr'><strong>absolvere.</strong></span> <span class='ocrx_word' id='word_1_84' title='bbox 1621 1033 1747 1093; x_wconf 83' lang='lat' dir='ltr'><strong>Ergo</strong></span> <span class='ocrx_word' id='word_1_85' title='bbox 1771 1042 2001 1094; x_wconf 80' lang='lat' dir='ltr'><strong>tamquam</strong></span> <span class='ocrx_word' id='word_1_86' title='bbox 2033 1035 2266 1095; x_wconf 77' lang='lat' dir='ltr'><strong>integrum</strong></span> 
     </span>
     <span class='ocr_line' id='line_1_10' title="bbox 370 1118 2261 1182; baseline 0.001 -19"><span class='ocrx_word' id='word_1_87' title='bbox 370 1128 439 1163; x_wconf 91' lang='lat' dir='ltr'><strong>est</strong></span> <span class='ocrx_word' id='word_1_88' title='bbox 471 1126 717 1180; x_wconf 88' lang='lat' dir='ltr'><strong>tamquam</strong></span> <span class='ocrx_word' id='word_1_89' title='bbox 751 1120 805 1165; x_wconf 86' lang='lat' dir='ltr'><strong>de</strong></span> <span class='ocrx_word' id='word_1_90' title='bbox 835 1134 885 1166; x_wconf 83' lang='lat' dir='ltr'><strong>re</strong></span> <span class='ocrx_word' id='word_1_91' title='bbox 914 1120 1117 1182; x_wconf 76' lang='lat' dir='ltr'><strong>integra,</strong></span> <span class='ocrx_word' id='word_1_92' title='bbox 1148 1134 1243 1165; x_wconf 87' lang='lat' dir='ltr'><strong>non</strong></span> <span class='ocrx_word' id='word_1_93' title='bbox 1276 1135 1438 1165; x_wconf 86' lang='lat' dir='ltr'><strong>rursus</strong></span> <span class='ocrx_word' id='word_1_94' title='bbox 1468 1136 1504 1166; x_wconf 90' lang='lat' dir='ltr'><strong>s.</strong></span> <span class='ocrx_word' id='word_1_95' title='bbox 1538 1118 1708 1174; x_wconf 90' lang='lat' dir='ltr'><strong>denuo,</strong></span> <span class='ocrx_word' id='word_1_96' title='bbox 1744 1118 1875 1180; x_wconf 89' lang='lat' dir='ltr'><strong>quod</strong></span> <span class='ocrx_word' id='word_1_97' title='bbox 1894 1135 1979 1181; x_wconf 89' lang='lat' dir='ltr'><strong>per</strong></span> <span class='ocrx_word' id='word_1_98' title='bbox 1994 1121 2048 1166; x_wconf 84' lang='lat' dir='ltr'><strong>de</strong></span> <span class='ocrx_word' id='word_1_99' title='bbox 2066 1121 2261 1181; x_wconf 76' lang='lat' dir='ltr'><strong>integro,</strong></span> 
     </span>
     <span class='ocr_line' id='line_1_11' title="bbox 369 1206 1386 1270; baseline 0.001 -18"><span class='ocrx_word' id='word_1_100' title='bbox 369 1207 428 1253; x_wconf 83' lang='lat' dir='ltr'><strong>ab</strong></span> <span class='ocrx_word' id='word_1_101' title='bbox 461 1209 662 1269; x_wconf 79' lang='lat' dir='ltr'><strong>integro,</strong></span> <span class='ocrx_word' id='word_1_102' title='bbox 696 1223 754 1254; x_wconf 79' lang='lat' dir='ltr'><strong>ex</strong></span> <span class='ocrx_word' id='word_1_103' title='bbox 785 1208 971 1270; x_wconf 77' lang='lat' dir='ltr'><strong>integro</strong></span> <span class='ocrx_word' id='word_1_104' title='bbox 1002 1206 1301 1269; x_wconf 82' lang='lat' dir='ltr'><strong>exprimitur.</strong></span> <span class='ocrx_word' id='word_1_105' title='bbox 1326 1234 1386 1244; x_wconf 89' lang='lat'><em>-</em></span> 
     </span>
    </p>

    <p class='ocr_par' dir='ltr' id='par_1_3' title="bbox 364 1292 2263 1873">
     <span class='ocr_line' id='line_1_12' title="bbox 551 1292 2263 1356; baseline -0.002 -16"><span class='ocrx_word' id='word_1_106' title='bbox 551 1294 622 1339; x_wconf 92' lang='lat' dir='ltr'><strong>De</strong></span> <span class='ocrx_word' id='word_1_107' title='bbox 644 1294 831 1356; x_wconf 88' lang='lat' dir='ltr'><strong>reliquo</strong></span> <span class='ocrx_word' id='word_1_108' title='bbox 851 1293 1078 1340; x_wconf 88' lang='lat' dir='ltr'><strong>orationis</strong></span> <span class='ocrx_word' id='word_1_109' title='bbox 1097 1302 1379 1355; x_wconf 85' lang='lat' dir='ltr'><strong>argumento</strong></span> <span class='ocrx_word' id='word_1_110' title='bbox 1398 1294 1534 1340; x_wconf 90' lang='lat' dir='ltr'><strong>nulla</strong></span> <span class='ocrx_word' id='word_1_111' title='bbox 1554 1302 1624 1340; x_wconf 88' lang='lat' dir='ltr'><strong>est</strong></span> <span class='ocrx_word' id='word_1_112' title='bbox 1646 1308 1933 1355; x_wconf 88' lang='lat' dir='ltr'><strong>magnopere</strong></span> <span class='ocrx_word' id='word_1_113' title='bbox 1945 1292 2263 1338; x_wconf 77' lang='lat' dir='ltr'><strong>dubitatio.—</strong></span> 
     </span>
     <span class='ocr_line' id='line_1_13' title="bbox 367 1378 2261 1443; baseline -0.001 -17"><span class='ocrx_word' id='word_1_114' title='bbox 367 1378 535 1426; x_wconf 84' lang='lat' dir='ltr'><strong>Oratio</strong></span> <span class='ocrx_word' id='word_1_115' title='bbox 568 1380 730 1426; x_wconf 87' lang='lat' dir='ltr'><strong>habita</strong></span> <span class='ocrx_word' id='word_1_116' title='bbox 760 1389 831 1426; x_wconf 91' lang='lat' dir='ltr'><strong>est</strong></span> <span class='ocrx_word' id='word_1_117' title='bbox 862 1380 909 1426; x_wconf 92' lang='lat' dir='ltr'><strong>in</strong></span> <span class='ocrx_word' id='word_1_118' title='bbox 944 1383 1050 1428; x_wconf 83' lang='lat' dir='ltr'><strong>aede</strong></span> <span class='ocrx_word' id='word_1_119' title='bbox 1084 1381 1369 1429; x_wconf 79' lang='lat' dir='ltr'><strong>Concordiae</strong></span> <span class='ocrx_word' id='word_1_120' title='bbox 1410 1381 1550 1443; x_wconf 82' lang='lat' dir='ltr'>(Phil.</span> <span class='ocrx_word' id='word_1_121' title='bbox 1582 1388 1629 1434; x_wconf 79' lang='lat'><strong>2,</strong></span> <span class='ocrx_word' id='word_1_122' title='bbox 1660 1387 1704 1433; x_wconf 87' lang='lat'><strong>8,</strong></span> <span class='ocrx_word' id='word_1_123' title='bbox 1740 1387 1818 1436; x_wconf 87' lang='lat'><strong>19;</strong></span> <span class='ocrx_word' id='word_1_124' title='bbox 1858 1388 1903 1434; x_wconf 82' lang='lat'><strong>2,</strong></span> <span class='ocrx_word' id='word_1_125' title='bbox 1936 1386 2010 1431; x_wconf 88' lang='grc'><strong>46,</strong></span> <span class='ocrx_word' id='word_1_126' title='bbox 2049 1381 2172 1438; x_wconf 86' lang='grc'>119),</span> <span class='ocrx_word' id='word_1_127' title='bbox 2216 1382 2261 1424; x_wconf 89' lang='lat' dir='ltr'><strong>in</strong></span> 
     </span>
     <span class='ocr_line' id='line_1_14' title="bbox 367 1466 2260 1530; baseline -0.002 -18"><span class='ocrx_word' id='word_1_128' title='bbox 367 1483 463 1529; x_wconf 91' lang='lat' dir='ltr'><strong>qua</strong></span> <span class='ocrx_word' id='word_1_129' title='bbox 507 1466 656 1512; x_wconf 90' lang='lat' dir='ltr'><strong>etiam</strong></span> <span class='ocrx_word' id='word_1_130' title='bbox 700 1466 851 1513; x_wconf 85' lang='lat' dir='ltr'><strong>biduo</strong></span> <span class='ocrx_word' id='word_1_131' title='bbox 889 1475 997 1513; x_wconf 90' lang='lat' dir='ltr'><strong>ante</strong></span> <span class='ocrx_word' id='word_1_132' title='bbox 1037 1468 1255 1530; x_wconf 83' lang='lat' dir='ltr'><strong>quaestio</strong></span> <span class='ocrx_word' id='word_1_133' title='bbox 1297 1468 1357 1514; x_wconf 90' lang='lat' dir='ltr'><strong>de</strong></span> <span class='ocrx_word' id='word_1_134' title='bbox 1399 1467 1655 1515; x_wconf 88' lang='lat' dir='ltr'><strong>coniuratis</strong></span> <span class='ocrx_word' id='word_1_135' title='bbox 1693 1467 1917 1513; x_wconf 90' lang='lat' dir='ltr'><strong>instituta</strong></span> <span class='ocrx_word' id='word_1_136' title='bbox 1949 1467 2100 1511; x_wconf 84' lang='lat' dir='ltr'><strong>fuerat</strong></span> <span class='ocrx_word' id='word_1_137' title='bbox 2136 1466 2260 1526; x_wconf 87' lang='lat' dir='ltr'><strong>(Cat.</strong></span> 
     </span>
     <span class='ocr_line' id='line_1_15' title="bbox 365 1554 2261 1617; baseline -0.003 -17"><span class='ocrx_word' id='word_1_138' title='bbox 365 1561 409 1606; x_wconf 87' lang='lat'><strong>3,</strong></span> <span class='ocrx_word' id='word_1_139' title='bbox 440 1562 486 1609; x_wconf 88' lang='lat'><strong>9,</strong></span> <span class='ocrx_word' id='word_1_140' title='bbox 519 1560 595 1601; x_wconf 85' lang='lat'><strong>21.</strong></span> <span class='ocrx_word' id='word_1_141' title='bbox 659 1554 773 1599; x_wconf 87' lang='lat' dir='ltr'><strong>Sall.</strong></span> <span class='ocrx_word' id='word_1_142' title='bbox 807 1569 847 1600; x_wconf 92' lang='lat' dir='ltr'><strong>c.</strong></span> <span class='ocrx_word' id='word_1_143' title='bbox 880 1555 976 1615; x_wconf 81' lang='lat'>46),</span> <span class='ocrx_word' id='word_1_144' title='bbox 1008 1570 1100 1600; x_wconf 89' lang='lat' dir='ltr'><strong>non</strong></span> <span class='ocrx_word' id='word_1_145' title='bbox 1134 1555 1182 1600; x_wconf 91' lang='lat' dir='ltr'><strong>in</strong></span> <span class='ocrx_word' id='word_1_146' title='bbox 1215 1556 1398 1617; x_wconf 90' lang='lat' dir='ltr'><strong>templo</strong></span> <span class='ocrx_word' id='word_1_147' title='bbox 1431 1555 1552 1601; x_wconf 86' lang='lat' dir='ltr'><strong>lovis</strong></span> <span class='ocrx_word' id='word_1_148' title='bbox 1573 1555 1799 1610; x_wconf 86' lang='lat' dir='ltr'><strong>Statoris,</strong></span> <span class='ocrx_word' id='word_1_149' title='bbox 1837 1564 1890 1600; x_wconf 91' lang='lat' dir='ltr'><strong>ut</strong></span> <span class='ocrx_word' id='word_1_150' title='bbox 1923 1555 2072 1616; x_wconf 86' lang='lat' dir='ltr'><strong>prima</strong></span> <span class='ocrx_word' id='word_1_151' title='bbox 2109 1554 2261 1598; x_wconf 87' lang='lat' dir='ltr'><strong>oratio</strong></span> 
     </span>
     <span class='ocr_line' id='line_1_16' title="bbox 367 1640 2259 1703; baseline -0.002 -15"><span class='ocrx_word' id='word_1_152' title='bbox 367 1644 429 1698; x_wconf 66' lang='grc' dir='ltr'><strong>(Ω,</strong></span> <span class='ocrx_word' id='word_1_153' title='bbox 459 1646 624 1693; x_wconf 81' lang='lat'>6‚·12;</span> <span class='ocrx_word' id='word_1_154' title='bbox 662 1647 701 1693; x_wconf 87' lang='lat' dir='ltr'><strong>l,</strong></span> <span class='ocrx_word' id='word_1_155' title='bbox 734 1643 778 1693; x_wconf 79' lang='lat'><strong>5,</strong></span> <span class='ocrx_word' id='word_1_156' title='bbox 801 1646 885 1694; x_wconf 74' lang='lat'><strong>113</strong></span> <span class='ocrx_word' id='word_1_157' title='bbox 922 1647 963 1694; x_wconf 92' lang='grc'><strong>1,</strong></span> <span class='ocrx_word' id='word_1_158' title='bbox 990 1646 1033 1693; x_wconf 85' lang='grc'><strong>8,</strong></span> <span class='ocrx_word' id='word_1_159' title='bbox 1055 1641 1151 1702; x_wconf 79' lang='lat'>21),</span> <span class='ocrx_word' id='word_1_160' title='bbox 1183 1642 1232 1688; x_wconf 88' lang='lat' dir='ltr'><strong>id</strong></span> <span class='ocrx_word' id='word_1_161' title='bbox 1266 1641 1398 1703; x_wconf 88' lang='lat' dir='ltr'><strong>quod</strong></span> <span class='ocrx_word' id='word_1_162' title='bbox 1422 1657 1515 1688; x_wconf 88' lang='lat' dir='ltr'><strong>non</strong></span> <span class='ocrx_word' id='word_1_163' title='bbox 1543 1656 1973 1693; x_wconf 84' lang='lat' dir='ltr'><strong>commemorarem,</strong></span> <span class='ocrx_word' id='word_1_164' title='bbox 2005 1640 2091 1685; x_wconf 79' lang='lat' dir='ltr'><strong>nisi</strong></span> <span class='ocrx_word' id='word_1_165' title='bbox 2115 1641 2259 1685; x_wconf 86' lang='lat' dir='ltr'><strong>etiam</strong></span> 
     </span>
     <span class='ocr_line' id='line_1_17' title="bbox 369 1725 2258 1788; baseline -0.001 -17"><span class='ocrx_word' id='word_1_166' title='bbox 369 1728 452 1772; x_wconf 83' lang='lat' dir='ltr'><strong>hac</strong></span> <span class='ocrx_word' id='word_1_167' title='bbox 478 1726 524 1772; x_wconf 92' lang='lat' dir='ltr'><strong>in</strong></span> <span class='ocrx_word' id='word_1_168' title='bbox 551 1743 598 1772; x_wconf 87' lang='lat' dir='ltr'><strong>re</strong></span> <span class='ocrx_word' id='word_1_169' title='bbox 618 1727 946 1788; x_wconf 79' lang='lat' dir='ltr'><strong>Doeringium,</strong></span> <span class='ocrx_word' id='word_1_170' title='bbox 984 1727 1241 1774; x_wconf 70' lang='lat' dir='ltr'><strong>Remorum</strong></span> <span class='ocrx_word' id='word_1_171' title='bbox 1261 1735 1310 1773; x_wconf 91' lang='lat' dir='ltr'><strong>et</strong></span> <span class='ocrx_word' id='word_1_172' title='bbox 1328 1727 1591 1781; x_wconf 70' lang='lat' dir='ltr'><strong>Klotz-ium,</strong></span> <span class='ocrx_word' id='word_1_173' title='bbox 1627 1726 1967 1774; x_wconf 88' lang='lat' dir='ltr'><strong>recentissimos</strong></span> <span class='ocrx_word' id='word_1_174' title='bbox 1991 1725 2258 1783; x_wconf 65' lang='lat' dir='ltr'><strong>editores‚·)</strong></span> 
     </span>
     <span class='ocr_line' id='line_1_18' title="bbox 364 1811 1142 1873; baseline 0.003 -17"><span class='ocrx_word' id='word_1_175' title='bbox 364 1827 537 1857; x_wconf 85' lang='lat' dir='ltr'><strong>errasse</strong></span> <span class='ocrx_word' id='word_1_176' title='bbox 569 1827 720 1873; x_wconf 84' lang='lat' dir='ltr'><strong>prope</strong></span> <span class='ocrx_word' id='word_1_177' title='bbox 754 1811 952 1858; x_wconf 86' lang='lat' dir='ltr'><strong>miratus</strong></span> <span class='ocrx_word' id='word_1_178' title='bbox 982 1828 1142 1859; x_wconf 87' lang='lat' dir='ltr'><strong>essem.</strong></span> 
     </span>
    </p>

    <p class='ocr_par' dir='ltr' id='par_1_4' title="bbox 355 1899 2257 2568">
     <span class='ocr_line' id='line_1_19' title="bbox 543 1899 2257 1963; baseline -0.002 -14"><span class='ocrx_word' id='word_1_179' title='bbox 543 1899 715 1949; x_wconf 87' lang='lat' dir='ltr'><strong>Quaeri</strong></span> <span class='ocrx_word' id='word_1_180' title='bbox 757 1900 932 1961; x_wconf 89' lang='lat' dir='ltr'><strong>possit,</strong></span> <span class='ocrx_word' id='word_1_181' title='bbox 981 1901 1040 1947; x_wconf 84' lang='lat' dir='ltr'><strong>ab</strong></span> <span class='ocrx_word' id='word_1_182' title='bbox 1079 1903 1367 1948; x_wconf 79' lang='lat' dir='ltr'><strong>actuariisne</strong></span> <span class='ocrx_word' id='word_1_183' title='bbox 1397 1902 1448 1947; x_wconf 90' lang='lat' dir='ltr'><strong>in</strong></span> <span class='ocrx_word' id='word_1_184' title='bbox 1481 1902 1653 1947; x_wconf 86' lang='lat' dir='ltr'><strong>Senatu</strong></span> <span class='ocrx_word' id='word_1_185' title='bbox 1694 1909 1969 1962; x_wconf 84' lang='lat' dir='ltr'><strong>exceptam,</strong></span> <span class='ocrx_word' id='word_1_186' title='bbox 2017 1918 2076 1948; x_wconf 88' lang='lat' dir='ltr'><strong>an</strong></span> <span class='ocrx_word' id='word_1_187' title='bbox 2111 1906 2257 1963; x_wconf 65' lang='lat' dir='ltr'><strong>‘psius</strong></span> 
     </span>
     <span class='ocr_line' id='line_1_20' title="bbox 365 1985 2251 2049; baseline -0.001 -16"><span class='ocrx_word' id='word_1_188' title='bbox 365 1986 595 2033; x_wconf 79' lang='lat' dir='ltr'><strong>Ciceronis</strong></span> <span class='ocrx_word' id='word_1_189' title='bbox 626 2002 762 2031; x_wconf 80' lang='lat' dir='ltr'><strong>manu</strong></span> <span class='ocrx_word' id='word_1_190' title='bbox 794 1985 1019 2048; x_wconf 80' lang='lat' dir='ltr'><strong>scriptam</strong></span> <span class='ocrx_word' id='word_1_191' title='bbox 1054 1986 1315 2032; x_wconf 89' lang='lat' dir='ltr'><strong>orationem</strong></span> <span class='ocrx_word' id='word_1_192' title='bbox 1349 1995 1605 2034; x_wconf 88' lang='lat' dir='ltr'><strong>teneamus.</strong></span> <span class='ocrx_word' id='word_1_193' title='bbox 1672 1987 1733 2032; x_wconf 85' lang='lat' dir='ltr'><strong>Et</strong></span> <span class='ocrx_word' id='word_1_194' title='bbox 1763 1987 1823 2032; x_wconf 88' lang='lat' dir='ltr'><strong>de</strong></span> <span class='ocrx_word' id='word_1_195' title='bbox 1854 1988 2021 2033; x_wconf 90' lang='lat' dir='ltr'><strong>scribis</strong></span> <span class='ocrx_word' id='word_1_196' title='bbox 2042 1989 2251 2049; x_wconf 86' lang='lat' dir='ltr'><strong>quidem,</strong></span> 
     </span>
     <span class='ocr_line' id='line_1_21' title="bbox 361 2072 2249 2135; baseline 0.001 -19"><span class='ocrx_word' id='word_1_197' title='bbox 361 2072 491 2118; x_wconf 89' lang='lat' dir='ltr'><strong>iussu</strong></span> <span class='ocrx_word' id='word_1_198' title='bbox 527 2072 748 2118; x_wconf 88' lang='lat' dir='ltr'><strong>Consulis</strong></span> <span class='ocrx_word' id='word_1_199' title='bbox 789 2073 962 2134; x_wconf 87' lang='lat' dir='ltr'><strong>passim</strong></span> <span class='ocrx_word' id='word_1_200' title='bbox 1011 2088 1097 2134; x_wconf 90' lang='lat' dir='ltr'><strong>per</strong></span> <span class='ocrx_word' id='word_1_201' title='bbox 1137 2075 1375 2135; x_wconf 90' lang='lat' dir='ltr'><strong>templum</strong></span> <span class='ocrx_word' id='word_1_202' title='bbox 1416 2091 1470 2121; x_wconf 89' lang='lat' dir='ltr'><strong>eo</strong></span> <span class='ocrx_word' id='word_1_203' title='bbox 1513 2075 1708 2121; x_wconf 90' lang='lat' dir='ltr'><strong>consilio</strong></span> <span class='ocrx_word' id='word_1_204' title='bbox 1748 2075 1934 2127; x_wconf 88' lang='lat' dir='ltr'><strong>locatis,</strong></span> <span class='ocrx_word' id='word_1_205' title='bbox 1984 2083 2037 2118; x_wconf 90' lang='lat' dir='ltr'><strong>ut</strong></span> <span class='ocrx_word' id='word_1_206' title='bbox 2076 2074 2249 2124; x_wconf 82' lang='lat' dir='ltr'><strong>omnia,</strong></span> 
     </span>
     <span class='ocr_line' id='line_1_22' title="bbox 360 2157 2253 2220; baseline 0.001 -18"><span class='ocrx_word' id='word_1_207' title='bbox 360 2173 486 2219; x_wconf 89' lang='lat' dir='ltr'><strong>quae</strong></span> <span class='ocrx_word' id='word_1_208' title='bbox 517 2174 571 2203; x_wconf 91' lang='lat' dir='ltr'><strong>eo</strong></span> <span class='ocrx_word' id='word_1_209' title='bbox 603 2157 680 2203; x_wconf 89' lang='lat' dir='ltr'><strong>die</strong></span> <span class='ocrx_word' id='word_1_210' title='bbox 720 2158 770 2204; x_wconf 89' lang='lat' dir='ltr'><strong>in</strong></span> <span class='ocrx_word' id='word_1_211' title='bbox 810 2160 983 2205; x_wconf 87' lang='lat' dir='ltr'><strong>Senatu</strong></span> <span class='ocrx_word' id='word_1_212' title='bbox 1022 2168 1288 2220; x_wconf 84' lang='lat' dir='ltr'><strong>agerentur,</strong></span> <span class='ocrx_word' id='word_1_213' title='bbox 1329 2160 1558 2205; x_wconf 86' lang='lat' dir='ltr'><strong>velociore</strong></span> <span class='ocrx_word' id='word_1_214' title='bbox 1588 2161 1768 2205; x_wconf 89' lang='lat' dir='ltr'><strong>calamo</strong></span> <span class='ocrx_word' id='word_1_215' title='bbox 1805 2168 1852 2203; x_wconf 90' lang='lat' dir='ltr'><strong>et</strong></span> <span class='ocrx_word' id='word_1_216' title='bbox 1892 2159 2024 2219; x_wconf 88' lang='lat' dir='ltr'><strong>siglis</strong></span> <span class='ocrx_word' id='word_1_217' title='bbox 2055 2160 2253 2219; x_wconf 84' lang='lat' dir='ltr'><strong>quibus·</strong></span> 
     </span>
     <span class='ocr_line' id='line_1_23' title="bbox 358 2240 2248 2306; baseline -0.001 -17"><span class='ocrx_word' id='word_1_218' title='bbox 358 2243 467 2290; x_wconf 90' lang='lat' dir='ltr'><strong>dam</strong></span> <span class='ocrx_word' id='word_1_219' title='bbox 510 2245 796 2291; x_wconf 86' lang='lat' dir='ltr'><strong>brevissimis</strong></span> <span class='ocrx_word' id='word_1_220' title='bbox 826 2253 1070 2299; x_wconf 84' lang='lat' dir='ltr'><strong>notarent,</strong></span> <span class='ocrx_word' id='word_1_221' title='bbox 1118 2246 1419 2293; x_wconf 76' lang='lat' dir='ltr'><strong>Scknitzerus</strong></span> <span class='ocrx_word' id='word_1_222' title='bbox 1449 2240 1776 2306; x_wconf 58' lang='lat' dir='ltr'><strong>cogitavit,**)</strong></span> <span class='ocrx_word' id='word_1_223' title='bbox 1817 2247 1879 2291; x_wconf 88' lang='lat' dir='ltr'><strong>ab</strong></span> <span class='ocrx_word' id='word_1_224' title='bbox 1906 2246 2070 2290; x_wconf 89' lang='lat' dir='ltr'><strong>iisdem</strong></span> <span class='ocrx_word' id='word_1_225' title='bbox 2104 2247 2248 2289; x_wconf 88' lang='lat' dir='ltr'><strong>etiam</strong></span> 
     </span>
     <span class='ocr_line' id='line_1_24' title="bbox 363 2329 2250 2393; baseline 0 -17"><span class='ocrx_word' id='word_1_226' title='bbox 363 2329 559 2378; x_wconf 79' lang='lat' dir='ltr'><strong>Catonis</strong></span> <span class='ocrx_word' id='word_1_227' title='bbox 589 2331 851 2377; x_wconf 89' lang='lat' dir='ltr'><strong>orationem</strong></span> <span class='ocrx_word' id='word_1_228' title='bbox 883 2332 1030 2384; x_wconf 89' lang='lat' dir='ltr'><strong>illam,</strong></span> <span class='ocrx_word' id='word_1_229' title='bbox 1064 2347 1209 2393; x_wconf 85' lang='lat' dir='ltr'><strong>quam</strong></span> <span class='ocrx_word' id='word_1_230' title='bbox 1242 2331 1303 2376; x_wconf 89' lang='lat' dir='ltr'><strong>ad</strong></span> <span class='ocrx_word' id='word_1_231' title='bbox 1335 2347 1466 2376; x_wconf 88' lang='lat' dir='ltr'><strong>suam</strong></span> <span class='ocrx_word' id='word_1_232' title='bbox 1491 2339 1692 2376; x_wconf 86' lang='lat' dir='ltr'><strong>aetatem</strong></span> <span class='ocrx_word' id='word_1_233' title='bbox 1726 2332 2034 2392; x_wconf 87' lang='lat' dir='ltr'><strong>permansisse</strong></span> <span class='ocrx_word' id='word_1_234' title='bbox 2067 2333 2250 2377; x_wconf 85' lang='lat' dir='ltr'><strong>Plutar-</strong></span> 
     </span>
     <span class='ocr_line' id='line_1_25' title="bbox 357 2415 2243 2480; baseline 0.001 -20"><span class='ocrx_word' id='word_1_235' title='bbox 357 2415 472 2461; x_wconf 89' lang='lat' dir='ltr'><strong>chus</strong></span> <span class='ocrx_word' id='word_1_236' title='bbox 502 2427 771 2480; x_wconf 83' lang='lat' dir='ltr'><strong>acoeperat‚</strong></span> <span class='ocrx_word' id='word_1_237' title='bbox 803 2427 1050 2480; x_wconf 85' lang='lat' dir='ltr'><strong>exceptam</strong></span> <span class='ocrx_word' id='word_1_238' title='bbox 1071 2434 1166 2463; x_wconf 90' lang='lat' dir='ltr'><strong>esse</strong></span> <span class='ocrx_word' id='word_1_239' title='bbox 1180 2419 1518 2478; x_wconf 71' lang='lat' dir='ltr'><strong>statuens.*”)</strong></span> <span class='ocrx_word' id='word_1_240' title='bbox 1583 2419 1634 2463; x_wconf 91' lang='lat' dir='ltr'><strong>ln</strong></span> <span class='ocrx_word' id='word_1_241' title='bbox 1668 2434 1765 2479; x_wconf 91' lang='lat' dir='ltr'><strong>quo</strong></span> <span class='ocrx_word' id='word_1_242' title='bbox 1797 2418 2068 2464; x_wconf 85' lang='lat' dir='ltr'><strong>mirandum</strong></span> <span class='ocrx_word' id='word_1_243' title='bbox 2113 2419 2243 2470; x_wconf 82' lang='lat' dir='ltr'><strong>foret,</strong></span> 
     </span>
     <span class='ocr_line' id='line_1_26' title="bbox 355 2502 2243 2568; baseline 0 -21"><span class='ocrx_word' id='word_1_244' title='bbox 355 2502 652 2560; x_wconf 85' lang='lat' dir='ltr'><strong>Sallustium,</strong></span> <span class='ocrx_word' id='word_1_245' title='bbox 695 2521 794 2568; x_wconf 88' lang='lat' dir='ltr'><strong>quo</strong></span> <span class='ocrx_word' id='word_1_246' title='bbox 834 2507 939 2551; x_wconf 92' lang='lat' dir='ltr'><strong>loco</strong></span> <span class='ocrx_word' id='word_1_247' title='bbox 972 2505 1031 2551; x_wconf 86' lang='lat' dir='ltr'><strong>de</strong></span> <span class='ocrx_word' id='word_1_248' title='bbox 1071 2504 1368 2551; x_wconf 82' lang='lat' dir='ltr'><strong>orationibus</strong></span> <span class='ocrx_word' id='word_1_249' title='bbox 1397 2505 1609 2550; x_wconf 88' lang='lat' dir='ltr'><strong>Caesaris</strong></span> <span class='ocrx_word' id='word_1_250' title='bbox 1647 2514 1694 2549; x_wconf 88' lang='lat' dir='ltr'><strong>et</strong></span> <span class='ocrx_word' id='word_1_251' title='bbox 1726 2505 1922 2551; x_wconf 87' lang='lat' dir='ltr'><strong>Catonis</strong></span> <span class='ocrx_word' id='word_1_252' title='bbox 1960 2506 2085 2566; x_wconf 85' lang='lat' dir='ltr'><strong>agit,</strong></span> <span class='ocrx_word' id='word_1_253' title='bbox 2130 2505 2243 2549; x_wconf 87' lang='lat' dir='ltr'><strong>nihil</strong></span> 
     </span>
    </p>
   </div>
   <div class='ocr_carea' id='block_1_3' title="bbox 404 2675 2246 2931">
    <p class='ocr_par' dir='ltr' id='par_1_5' title="bbox 427 2675 2246 2864">
     <span class='ocr_line' id='line_1_27' title="bbox 427 2675 2246 2723; baseline 0.002 -16"><span class='ocrx_word' id='word_1_254' title='bbox 427 2677 461 2717; x_wconf 56' lang='grc' dir='ltr'><strong>ι)</strong></span> <span class='ocrx_word' id='word_1_255' title='bbox 487 2675 643 2718; x_wconf 54' lang='lat' dir='ltr'><strong>Danu-qa</strong></span> <span class='ocrx_word' id='word_1_256' title='bbox 662 2678 873 2713; x_wconf 80' lang='lat' dir='ltr'><strong>Brkliiroude</strong></span> <span class='ocrx_word' id='word_1_257' title='bbox 885 2680 1152 2723; x_wconf 73' lang='lat' dir='ltr'><strong>Anmerkungen</strong></span> <span class='ocrx_word' id='word_1_258' title='bbox 1165 2691 1208 2713; x_wconf 74' lang='lat' dir='ltr'><strong>zu</strong></span> <span class='ocrx_word' id='word_1_259' title='bbox 1222 2680 1289 2714; x_wconf 87' lang='lat' dir='ltr'><strong>den</strong></span> <span class='ocrx_word' id='word_1_260' title='bbox 1303 2682 1546 2718; x_wconf 77' lang='lat' dir='ltr'><strong>auserlesenen</strong></span> <span class='ocrx_word' id='word_1_261' title='bbox 1555 2681 1678 2714; x_wconf 83' lang='lat' dir='ltr'><strong>Reden</strong></span> <span class='ocrx_word' id='word_1_262' title='bbox 1691 2681 1753 2714; x_wconf 76' lang='lat' dir='ltr'><strong>‹les</strong></span> <span class='ocrx_word' id='word_1_263' title='bbox 1766 2681 1900 2721; x_wconf 82' lang='lat' dir='ltr'><strong>Cicero,</strong></span> <span class='ocrx_word' id='word_1_264' title='bbox 1923 2679 2246 2714; x_wconf 72' lang='lat' dir='ltr'><strong>Braunschw.1797.</strong></span> 
     </span>
     <span class='ocr_line' id='line_1_28' title="bbox 483 2745 2243 2794; baseline 0.002 -15"><span class='ocrx_word' id='word_1_265' title='bbox 483 2745 626 2780; x_wconf 73' lang='lat' dir='ltr'><strong>Reum:</strong></span> <span class='ocrx_word' id='word_1_266' title='bbox 650 2746 828 2784; x_wconf 76' lang='lat' dir='ltr'><strong>Ciceronis</strong></span> <span class='ocrx_word' id='word_1_267' title='bbox 850 2750 1025 2784; x_wconf 70' lang='lat' dir='ltr'><strong>orationes</strong></span> <span class='ocrx_word' id='word_1_268' title='bbox 1047 2760 1111 2793; x_wconf 82' lang='lat' dir='ltr'><strong>pro</strong></span> <span class='ocrx_word' id='word_1_269' title='bbox 1133 2750 1208 2793; x_wconf 76' lang='lat' dir='ltr'><strong>lege</strong></span> <span class='ocrx_word' id='word_1_270' title='bbox 1231 2750 1341 2790; x_wconf 66' lang='lat' dir='ltr'><strong>Man„</strong></span> <span class='ocrx_word' id='word_1_271' title='bbox 1364 2749 1399 2783; x_wconf 86' lang='lat' dir='ltr'><strong>in</strong></span> <span class='ocrx_word' id='word_1_272' title='bbox 1424 2750 1464 2784; x_wconf 74' lang='lat' dir='ltr'><strong>L.</strong></span> <span class='ocrx_word' id='word_1_273' title='bbox 1484 2750 1587 2785; x_wconf 79' lang='lat' dir='ltr'><strong>Catil.</strong></span> <span class='ocrx_word' id='word_1_274' title='bbox 1612 2758 1692 2792; x_wconf 62' lang='lat' dir='ltr'><strong>etc„</strong></span> <span class='ocrx_word' id='word_1_275' title='bbox 1717 2752 1900 2794; x_wconf 73' lang='lat' dir='ltr'><strong>Augsburg</strong></span> <span class='ocrx_word' id='word_1_276' title='bbox 1926 2752 2072 2783; x_wconf 77' lang='lat'>18³1.—</span> <span class='ocrx_word' id='word_1_277' title='bbox 2089 2749 2243 2782; x_wconf 61' lang='lat' dir='ltr'><strong>cicens-z</strong></span> 
     </span>
     <span class='ocr_line' id='line_1_29' title="bbox 482 2815 1794 2864; baseline 0.005 -17"><span class='ocrx_word' id='word_1_278' title='bbox 482 2815 709 2848; x_wconf 75' lang='lat' dir='ltr'><strong>auserwiihlte</strong></span> <span class='ocrx_word' id='word_1_279' title='bbox 733 2816 868 2860; x_wconf 82' lang='lat' dir='ltr'><strong>Reden,</strong></span> <span class='ocrx_word' id='word_1_280' title='bbox 892 2820 1092 2861; x_wconf 68' lang='lat' dir='ltr'><strong>berausgeg.</strong></span> <span class='ocrx_word' id='word_1_281' title='bbox 1116 2829 1184 2853; x_wconf 69' lang='lat' dir='ltr'><strong>von</strong></span> <span class='ocrx_word' id='word_1_282' title='bbox 1208 2818 1372 2853; x_wconf 71' lang='lat' dir='ltr'><strong>Reinloold</strong></span> <span class='ocrx_word' id='word_1_283' title='bbox 1393 2818 1510 2861; x_wconf 77' lang='lat' dir='ltr'><strong>Klotz,</strong></span> <span class='ocrx_word' id='word_1_284' title='bbox 1535 2820 1677 2864; x_wconf 82' lang='lat' dir='ltr'><strong>Leipzig</strong></span> <span class='ocrx_word' id='word_1_285' title='bbox 1703 2824 1794 2854; x_wconf 82' lang='grc'>1838.</span> 
     </span>
    </p>

    <p class='ocr_par' dir='ltr' id='par_1_6' title="bbox 404 2884 1453 2931">
     <span class='ocr_line' id='line_1_30' title="bbox 404 2884 1453 2931; baseline 0.008 -16"><span class='ocrx_word' id='word_1_286' title='bbox 404 2885 459 2925; x_wconf 75' lang='grc'><strong>“)</strong></span> <span class='ocrx_word' id='word_1_287' title='bbox 486 2884 717 2920; x_wconf 65' lang='lat' dir='ltr'><strong>Quaestionum</strong></span> <span class='ocrx_word' id='word_1_288' title='bbox 740 2885 1025 2921; x_wconf 65' lang='lat' dir='ltr'><strong>Ciceroni-nem</strong></span> <span class='ocrx_word' id='word_1_289' title='bbox 1048 2888 1224 2922; x_wconf 67' lang='lat' dir='ltr'><strong>Panic-1-</strong></span> <span class='ocrx_word' id='word_1_290' title='bbox 1246 2889 1316 2930; x_wconf 73' lang='lat'><strong>11„</strong></span> <span class='ocrx_word' id='word_1_291' title='bbox 1338 2899 1372 2931; x_wconf 81' lang='lat' dir='ltr'><strong>p.</strong></span> <span class='ocrx_word' id='word_1_292' title='bbox 1400 2893 1453 2923; x_wconf 80' lang='grc'><strong>14.</strong></span> 
     </span>
    </p>
   </div>
   <div class='ocr_carea' id='block_1_4' title="bbox 385 2954 1427 3002">
    <p class='ocr_par' dir='ltr' id='par_1_7' title="bbox 385 2954 1427 3002">
     <span class='ocr_line' id='line_1_31' title="bbox 385 2954 1427 3002; baseline 0.007 -15"><span class='ocrx_word' id='word_1_293' title='bbox 385 2955 460 2997; x_wconf 54' lang='lat' dir='ltr'><strong>n2‘)</strong></span> <span class='ocrx_word' id='word_1_294' title='bbox 485 2954 716 2991; x_wconf 74' lang='lat' dir='ltr'><strong>Quaestionum</strong></span> <span class='ocrx_word' id='word_1_295' title='bbox 740 2956 1025 2991; x_wconf 54' lang='lat' dir='ltr'><strong>Ciceronianam</strong></span> <span class='ocrx_word' id='word_1_296' title='bbox 1047 2958 1220 2993; x_wconf 73' lang='lat' dir='ltr'><strong>Particula</strong></span> <span class='ocrx_word' id='word_1_297' title='bbox 1247 2959 1290 2998; x_wconf 87' lang='lat' dir='ltr'><strong>l.,</strong></span> <span class='ocrx_word' id='word_1_298' title='bbox 1314 2970 1347 3002; x_wconf 83' lang='lat' dir='ltr'><strong>p.</strong></span> <span class='ocrx_word' id='word_1_299' title='bbox 1371 2963 1427 2994; x_wconf 74' lang='lat'><strong>27.</strong></span> 
     </span>
    </p>
   </div>
  </div>
 </body>
</html>
