2699 3404
1149 288 1208 296 —
1271 260 1426 306 XXIV
1487 290 1548 297 --

586 385 739 433 Quam
775 391 898 429 recte
938 382 1207 428 scholiastes
1247 383 1399 429 totius
1434 383 1662 430 orationis
1711 386 1807 432 vim
1850 392 1999 445 atque
2045 363 2301 434 consilium*

405 470 720 535 perspexerit,
759 470 903 518 etiam
943 487 1002 518 ex
1045 485 1099 517 eo
1131 469 1446 533 intelligitur,
1486 469 1617 534 qnod
1650 472 1794 536 legem
1825 471 2142 535 Semproniam
2174 490 2297 522 com-

403 557 696 605 memoravit.
759 557 854 609 Qui
894 556 1018 603 enim
1058 575 1128 604 res
1166 573 1266 619 quo
1304 557 1470 605 ordine
1499 566 1547 604 et
1581 573 1678 621 qua
1712 558 1895 605 ratione
1928 558 2073 605 Nonis
2106 559 2297 606 Decem-

401 646 570 691 bribus
600 645 649 691 in
681 646 855 691 Senatu
888 652 1023 691 actae
1056 645 1164 700 sint,
1197 652 1416 691 accurate
1447 645 1744 707 cognoverit,
1788 660 1880 690 non
1921 645 2181 697 dubitabit,
2219 646 2297 690 Ci-

401 749 614 778 ceronem
656 748 710 776 ea
752 749 842 777 una
874 732 935 777 de
967 748 1129 778 caussa
1161 732 1221 777 ad
1253 732 1507 778 dicendum
1541 731 1809 783 surrexisse,
1852 739 1905 775 ut
1938 731 2292 784 demonstraret,

402 820 560 866 Patres
598 818 647 863 in
688 818 982 864 decernendo
1022 818 1082 864 de
1122 835 1272 880 poena
1316 819 1673 865 coniuratorum
1714 811 1999 864 non'teneri
2039 818 2140 876 lege
2172 818 2296 862 Sem-

399 904 581 967 pronia.
649 905 768 952 Nam
802 921 953 966 quum
985 904 1163 951 Consul
1199 912 1453 951 convocato
1486 905 1661 951 Senatu
1697 903 1947 959 retulisset,
1984 902 2104 964 quid
2135 904 2195 949 de
2225 903 2295 949 his

401 991 502 1038 fieri
547 993 779 1054 placeret,
824 992 909 1052 qui
956 991 1000 1036 in
1044 990 1309 1037 custodiam
1350 998 1503 1037 essent
1537 990 1730 1045 traditi,
1777 991 1848 1037 D.
1883 991 2054 1036 Iunius
2087 991 2294 1040 Silanus,

398 1079 587 1142 primus
616 1077 895 1125 sententiam
930 1084 1136 1139 rogatus,
1170 1077 1229 1123 de
1261 1076 1347 1132 his,
1382 1077 1468 1140 qui
1502 1077 1550 1123 in
1579 1076 1808 1124 custodiis
1837 1077 2136 1129 tenebantur,
2168 1092 2297 1138 prae-

399 1173 526 1212 terea
557 1164 616 1211 de
648 1164 700 1210 L.
734 1162 915 1217 Cassio,
957 1162 1009 1209 P.
1044 1163 1208 1218 Furio,
1251 1163 1304 1211 P.
1337 1164 1600 1218 Umbreno,
1632 1165 1690 1214 Q.
1725 1163 1900 1217 Annio,
1939 1162 1976 1208 si
2017 1163 2294 1225 deprehensi

398 1254 568 1307 forent,
601 1250 894 1312 supplicium
923 1250 1205 1297 sumendum
1229 1250 1436 1297 decrevit
1460 1250 1600 1312 (Sall.
1617 1268 1659 1298 c.
1675 1254 1771 1310 50).
1833 1248 1984 1296 Cuius
2015 1250 2292 1296 sententiam

397 1355 549 1400 quum
588 1354 773 1391 omneS,
820 1337 904 1398 qui
948 1345 1055 1398 post
1092 1355 1200 1383 euni
1245 1338 1523 1398 interrogati
1569 1337 1785 1393 fuerant,
1832 1337 1979 1382 secuti
2020 1345 2193 1391 essent,
2237 1338 2292 1384 C.

400 1428 552 1471 Iulius
587 1425 772 1475 Cacsar,
815 1424 900 1485 qui
934 1435 1037 1468 tum
1072 1425 1308 1485 praetorio
1341 1424 1599 1486 locoldixit
1632 1426 1711 1483 (ad
1746 1427 1848 1470 Att.
1888 1432 1960 1477 12,
1992 1425 2095 1485 21),
2131 1424 2295 1469 mortis

398 1528 597 1573 poenam
643 1528 669 1555 a
715 1511 960 1572 republica
1002 1512 1215 1556 Romana
1254 1511 1456 1556 alienam
1500 1528 1596 1556 esse
1635 1512 1852 1557 iudicans
1891 1513 2029 1568 (Sall.
2071 1519 2146 1565 51,
2199 1516 2288 1568 17),

397 1599 623 1661 pecunias
653 1614 815 1644 eorum
851 1598 1187 1659 publicandaS‚
1224 1598 1352 1658 ipsos
1386 1613 1492 1643 vero
1524 1598 1639 1643 dum
1665 1599 1871 1644 viverent
1902 1599 1951 1644 in
1985 1598 2185 1643 vinculis
2217 1599 2292 1643 ha-

397 1687 573 1731 bendos
605 1701 691 1746 per
724 1685 981 1745 municipia
1013 1686 1212 1730 censuit.
1276 1686 1428 1729 Cuius
1456 1685 1732 1739 orationem,
1766 1685 2048 1746 prudentem
2081 1686 2211 1729 illam
2244 1695 2289 1729 et

400 1772 699 1823 meditatam,
747 1787 898 1830 quum
942 1771 1060 1815 mira
1093 1781 1341 1816 consecuta
1382 1781 1499 1815 esset
1533 1771 1866 1816 sententiarum
1899 1788 1953 1816 ac
1987 1771 2288 1815 voluntatum

401 1857 630 1909 mutatio,
668 1856 913 1909 Consulis,
955 1856 1091 1902 cuius
1123 1857 1389 1911 interesset,
1445 1867 1495 1902 ut
1529 1866 1639 1902 ante
1681 1868 1865 1904 noctem
1899 1836 2192 1920 supplicium
2232 1857 2291 1902 de

397 1943 661 1990 coniuratis
709 1951 994 1998 sumeretur,
1057 1953 1155 1989 erat
1203 1944 1391 1999 docere,
1444 1947 1587 2008 legem
1635 1945 1979 2009 Semproniam,
2036 1946 2096 1992 ad
2144 1962 2289 2008 quam

396 2031 570 2077 Caesar
600 2030 648 2076 in
681 2029 896 2077 oratione
927 2046 1012 2076 sua
1042 2042 1394 2092 provocaverat,
1426 2033 1486 2079 ad
1520 2033 1638 2078 hanc
1670 2049 1881 2079 caussam
1912 2050 2006 2081 non
2038 2033 2287 2095 pertinere.

397 2118 659 2164 Akrensius
677 2116 874 2178 quidem
897 2117 1020 2163 inter
1035 2125 1331 2177 argumenta,
1357 2119 1536 2179 quibus
1552 2118 1756 2164 orationi
1779 2118 2288 2180 quartaeCatilinariae

397 2202 638 2248 Ciceronis
679 2218 845 2249 nomen
886 2203 1114 2265 derogare
1151 2203 1327 2258 voluit,
1379 2205 1521 2251 etiam
1572 2205 1659 2251 hoc
1707 2205 1897 2261 attulit,
1943 2207 2075 2269 quod
2119 2208 2167 2251 in
2207 2205 2288 2250 illa

402 2290 723 2352 Semproniae,
767 2289 898 2351 apud
930 2290 1350 2346 Sallustiumvvero
1386 2293 1591 2339 Porciae
1632 2293 1749 2356 legis
1788 2294 1965 2339 mentio
2005 2292 2132 2339 facta
2170 2300 2287 2338 esset

399 2381 467 2439 (p.
506 2380 628 2437 114).
705 2379 862 2427 Quam
918 2378 1166 2439 utriusque
1208 2378 1451 2438 scriptoris
1483 2379 1850 2440 discrepantiam
1893 2397 2047 2441 quum
2090 2381 2175 2426 alii
2218 2382 2286 2425 ita

396 2464 639 2526 explicare
669 2465 867 2520 vellent,
904 2474 958 2510 ut
991 2463 1220 2518 dicerent,
1255 2466 1535 2510 Sallustium
1569 2466 1829 2512 orationem
1865 2468 2076 2512 Caesaris
2107 2484 2199 2513 non
2233 2477 2284 2511 ut

398 2551 564 2597 habita
595 2549 740 2595 fuerit
781 2552 1017 2605 retulisse,
1068 2551 1147 2595 sed
1180 2567 1280 2595 eam
1314 2550 1499 2605 fecisse,
1547 2568 1645 2613 qua
1678 2561 1896 2599 naturam
1925 2562 1973 2598 et
2006 2571 2155 2600 mores
2185 2555 2285 2598 eius

399 2654 486 2700 pro
517 2639 712 2700 ingenio
742 2639 946 2700 aperiret
978 2642 1038 2696 (c.
1071 2643 1179 2698 53):
1212 2639 1329 2683 mibi
1362 2648 1544 2693 tamen,
1593 2657 1887 2703 quamquam
1929 2642 2016 2698 boc
2047 2658 2150 2686 vere
2188 2642 2283 2686 dici

397 2728 744 2788 intelligebam,
790 2742 982 2787 prorsus
1020 2726 1300 2771 incredibile
1330 2727 1484 2771 visum
1514 2735 1608 2781 est,
1657 2728 1960 2782 Sallustium,
2006 2728 2280 2788 scriptorem

399 2812 596 2859 rationis
627 2812 917 2876 reipublicae
948 2813 1184 2858 Romanae
1223 2812 1577 2874 gnarissimum,
1620 2814 1669 2859 in
1714 2822 1809 2860 tam
1850 2815 1983 2877 gravi
2017 2830 2064 2860 re
2094 2830 2280 2861 errasse.

399 2898 512 2953 Sed,
554 2900 658 2945 loco
688 2900 928 2947 Ciceronis
960 2899 1018 2946 de
1051 2900 1154 2961 lege
1186 2899 1463 2961 Sempronia
1502 2900 1625 2962 (Cat.
1658 2904 1703 2953 4,
1732 2906 1778 2956 5,
1814 2905 1891 2960 10)
1931 2914 2040 2946 cum
2072 2890 2282 2944 Caesaris

2659 2824 2664 2827 .
2650 2718 2666 2809 Tusa-e.
