2699 3404
1052 323 1111 330 -—
1175 296 1375 343 XXXVI
1447 327 1499 333 —-

327 419 566 466 iudicandi
611 434 773 463 caussa
811 417 941 464 dicta
982 424 1151 470 essent,
1196 415 1246 462 id
1286 417 1465 472 effecit,
1507 425 1564 465 ut
1607 421 1656 468 in
1698 420 1891 469 eandem
1932 424 2213 473 sententiam

327 505 544 551 discessio
587 504 744 559 fieret,
801 519 944 565 quam
985 501 1219 565 designati
1259 502 1489 551 Consules
1527 513 1575 552 et
1613 506 1894 556 Consulares
1930 523 2090 558 omnes
2120 525 2212 558 non

327 598 585 653 potuerant
618 591 839 654 perferre.

511 692 749 753 Superest,
788 700 840 736 ut
866 691 1045 738 Graeci
1074 699 1207 739 testes
1236 691 1579 754 producantur,
1613 705 1749 753 quos,
1783 695 2011 754 quoniam
2041 695 2089 741 in
2111 710 2215 741 ean-

326 778 435 826 dem
458 777 553 825 fere
582 777 861 824 sententiam
886 777 1082 839 professi
1102 786 1226 835 sunt,
1257 778 1703 841 primumsingulos
1724 778 2000 835 audiamus3
2030 780 2213 835 deinde,

328 865 449 928 quid
475 882 534 911 ex
551 880 715 911 eorum
737 865 926 910 indiciis
948 866 1112 927 colligi
1136 866 1297 927 possit,
1331 866 1684 927 comparatione
1708 865 1849 919 facta,
1877 866 2209 913 iudicabimus.

329 953 458 999 Haec
489 953 643 1013 igitur
674 968 762 1013 pro
795 953 1068 997 testimonio
1094 954 1282 999 dicunt.

508 1052 798 1096 Plutarchus
830 1051 879 1095 in
912 1054 1012 1097 vita
1044 1050 1298 1105 Ciceronis,
1339 1068 1380 1097 c.
1413 1058 1497 1098 21:
1552 1054 1724 1106 „0350229
1754 1057 1795 1097 δὲ
1828 1057 1899 1106 τῆς
1930 1054 2092 1109 γνώμης
2124 1056 2214 1110 (τοῦ

321 1142 559 1197 Καίσαρος)
598 1142 792 1189 ἐπιεικοῦς
832 1144 900 1182 καὶ
940 1142 1011 1182 τοῦ
1051 1144 1237 1195 λέγοντος
1285 1140 1409 1185 εἰπεῖν
1440 1140 1749 1193 δυνατωτάτου,
1789 1139 1923 1197 ῥοπὴν
1965 1139 1987 1182 ὁ
2028 1143 2215 1200 Κικέρων

326 1229 580 1285 προςέθηκεν
612 1223 660 1269 οὗ
690 1225 859 1283 μικράν·
904 1224 1027 1276 αὐτὸς
1058 1244 1098 1269 τε
1130 1227 1208 1284 γὰρ
1243 1224 1426 1277 ἀναστὰς
1469 1228 1720 1287 ’ἐνεχείρησεν
1751 1225 1806 1277 εἰς
1835 1225 2033 1283 ἑκάτερον,
2064 1226 2116 1267 τὰ
2140 1233 2215 1282 μέν

326 1316 373 1372 τῇ
405 1316 598 1371 προτέρᾳ,
640 1312 690 1354 τὰ
725 1316 765 1354 δὲ
797 1315 845 1371 τῇ
877 1311 1016 1372 γνώμῃ
1049 1314 1275 1371 Καίσαρος
1314 1314 1525 1365 συνειπὼν,
1556 1312 1599 1356 οἵ
1627 1331 1668 1357 τε
1700 1315 1815 1373 ([ίλοι
1846 1311 2003 1363 πάντες,
2035 1312 2214 1368 οἰόμενοι

326 1402 378 1457 τῷ
409 1401 610 1456 Κικέρωνι
653 1402 875 1458 συμᾳέρειν
918 1399 992 1452 τὴν
1023 1401 1246 1458 Καίσαρος
1294 1400 1460 1455 γνώμην
1500 1397 1642 1456 (ἦττον
1672 1401 1751 1459 γὰρ
1780 1403 1824 1444 ἐν
1854 1398 2006 1450 αἰτίαις
2037 1401 2214 1443 ἔσεσθαι

324 1487 381 1542 μὴ
418 1486 726 1529 θανατώσαντα
769 1486 863 1536 τοὺς
901 1486 1092 1543 ἄνδρας),
1132 1486 1305 1547 ᾑροῦντο
1346 1487 1423 1538 τὴν
1461 1490 1652 1542 δευτέραν
1689 1488 1847 1540 μᾶλλον
1886 1485 2071 1539 γνώμην,
2113 1483 2212 1526 ὥστε

324 1580 392 1618 καὶ
424 1575 497 1617 τὸν
527 1574 712 1617 Σιλανόν
755 1591 793 1617 κ.
828 1591 864 1619 τ.
896 1577 957 1615 λ.“

509 1678 758 1740 Appianas
789 1680 844 1723 de
875 1679 976 1724 bell.
1011 1681 1098 1724 civ.
1132 1685 1175 1731 2,
1202 1684 1253 1724 6:
1318 1682 1510 1730 „Amaiov
1543 1682 1585 1720 δὲ
1618 1683 1690 1730 τῆς
1720 1678 1882 1733 γνώμη-ς
1914 1679 2111 1735 ([ανείσης
2141 1683 2208 1718 καὶ

328 1770 565 1824 δεχθείσης,
613 1766 797 1823 ἀκρατῶς
828 1771 867 1808 οἱ
900 1770 1045 1809 πολλοὶ
1075 1770 1364 1822 μετετίθεντο·
1406 1772 1526 1826 μέχρι
1559 1766 1722 1816 Κάτων,
1762 1759 1841 1816 ἤδη
1882 1767 2025 1821 σαᾳῶς
2056 1761 2209 1805 ἀνακα-

326 1854 488 1896 λύπτων
519 1854 594 1904 τὴν
636 1857 675 1902 ἐς
711 1855 784 1895 τὸν
823 1855 1020 1912 Καίσαρα
1063 1853 1268 1913 ὑποψίαν,
1312 1860 1380 1896 καὶ
1414 1853 1436 1897 ὁ
1470 1857 1662 1910 Κικέρων,
1706 1853 1846 1902 δεδιὼς
1876 1849 1987 1908 ἀμφὶ
2020 1853 2067 1910 τῇ
2098 1854 2210 1892 νυκτὶ

325 1940 558 1999 προςιοὺσῃ,
589 1940 647 1994 μὴ
681 1940 728 1981 τὸ
761 1942 1006 1994 συνεγνωκὸς
1036 1947 1120 1989 τοῖς
1136 1939 1313 1997 ἀνδράσι
1333 1943 1509 1992 πλῆθος,
1543 1937 1824 1998 αἰωρούμενον
1849 1939 1908 1980 ἔτι
1927 1941 2019 1979 κατ’
2041 1934 2208 1993 ἀγορὰν,

322 2033 390 2069 καὶ
424 2027 557 2075 δεδιὸς
587 2027 678 2082 περί
709 2042 752 2067 τε
783 2028 901 2082 σφῶν
931 2024 1065 2068 αὐτῶν
1094 2033 1163 2069 καὶ
1196 2020 1286 2085 περὶ
1317 2029 1487 2077 ἐκείνων,
1519 2026 1743 2083 ἐργάσηταί
1771 2043 1810 2068 τι
1830 2025 1998 2075 ἄτοπον,
2031 2024 2208 2071 ἔπεισαν,

323 2114 375 2163 ὡς
395 2112 649 2177 αὐτοφώρων
679 2111 778 2154 ἄνευ
807 2113 975 2168 κρίσεως
1003 2117 1299 2167 καταγνῶναι.“

509 2214 697 2263 Cassius
730 2214 834 2260 Dio
865 2215 1030 2261 histor.
1065 2215 1208 2262 Rom.
1250 2215 1337 2261 lib.
1370 2220 1447 2269 37,
1476 2217 1560 2261 35:
1623 2214 1784 2268 „Az'mbg
1825 2219 1867 2259 δὲ
1907 2215 1955 2275 (ὁ
1996 2218 2205 2273 Κικέρων)

324 2310 366 2350 ἐν
398 2306 524 2364 τούτῳ
555 2305 632 2358 τὴν
662 2305 818 2360 βουλὴν
849 2304 1042 2362 ἤθροισε,
1084 2310 1153 2348 καὶ
1186 2308 1296 2365 σφᾶς
1327 2304 1585 2362 συνταράξας
1616 2321 1658 2347 τε
1687 2309 1756 2346 καὶ
1788 2302 2033 2363 ἐκφοβήσας,
2075 2305 2206 2346 ἔπεισε

324 2394 517 2436 θάνατον
548 2395 627 2434 τῶν
660 2395 989 2446 συνειλημμένων
1019 2395 1290 2448 καταγνῶναι.
1339 2390 1394 2435 C.
1406 2395 1483 2436 36.
1512 2390 1722 2447 Ἐγένοντο
1752 2397 1826 2446 μὲν
1856 2392 1934 2449 γὰρ
1965 2389 2204 2449 ἀμφίβολοι,

320 2486 388 2522 καὶ
423 2480 525 2537 παρ’
556 2476 694 2533 ὀλίγον
725 2477 875 2528 αὐτοὺς
907 2476 1129 2521 ἀπέλυσαν.
1186 2478 1231 2520 Ὁ
1264 2480 1341 2534 γὰρ
1373 2481 1552 2534 Καῖσαρ,
1584 2495 1619 2520 κ.
1652 2496 1686 2520 τ.
1719 2482 1780 2521 λ.“

501 2579 724 2624 Testibus
753 2580 958 2633 GraeciS,
994 2595 1199 2640 quorum
1232 2579 1447 2640 alioquin
1492 2593 1583 2625 non
1616 2596 1801 2625 summa
1831 2588 1901 2624 est
1930 2580 2201 2631 auctoritas,

321 2668 369 2712 in
391 2669 478 2713 hac
509 2672 635 2712 certe
650 2680 812 2711 caussa
844 2683 898 2711 eo
917 2666 1066 2712 maior
1095 2665 1210 2711 fides
1234 2663 1448 2712 habenda
1472 2664 1675 2719 videtur,
1708 2664 1838 2727 quod
1855 2665 1913 2711 de
1932 2679 2117 2712 summa
2135 2663 2200 2709 rei

321 2752 634 2803 consentiunt.
717 2752 777 2797 Et
823 2753 1112 2801 Plutarchus
1151 2753 1371 2816 quidem,
1423 2752 1543 2815 quid
1579 2769 1608 2798 a
1648 2752 1871 2799 Cicerone
1915 2752 1965 2798 in
2008 2749 2200 2796 historia

318 2838 605 2885 Consulatus
656 2839 729 2885 sui
761 2839 938 2886 Graece
981 2839 1156 2902 scripta
1201 2841 1425 2887 omissum
1466 2841 1552 2893 sit,
1599 2839 1833 2894 indicans,
1885 2837 1998 2885 satis
2036 2843 2199 2896 aperte

318 2932 540 2977 testatur,
583 2942 629 2971 se
670 2943 826 2972 rerum
867 2935 1104 2986 gestarum
1139 2928 1430 2979 memoriam,
1472 2928 1533 2972 ab
1574 2928 1678 2988 ipso
1716 2936 1907 2973 auctore
1939 2923 2194 2976 conditam,
