2699 3404
1198 231 1298 284 ⁵-
1362 250 1454 296 xx
1518 277 1578 286 —

459 374 686 419 orationis
717 373 900 417 inducti
935 382 1045 418 sunt
1079 372 1262 418 verbis“
1296 372 1374 417 sed
1407 387 1496 433 ego
1529 372 1789 419 institui—
1810 387 1934 436 quae
1960 380 2074 417 sunt
2094 371 2348 420 Consulis“

462 465 527 521 (3,
573 462 620 519 6)
673 461 793 505 male
839 460 1107 506 intellectis.
1176 460 1329 505 Cuius
1368 462 1461 506 loci
1504 460 1733 505 sententia
1777 475 1931 521 quum
1968 457 2246 504 Germanice
2285 460 2351 505 sic

458 546 665 607 exprimi
699 546 869 606 possit:
934 547 1191 598 „Dennoch
1224 545 1474 607 (obgleich
1507 547 1583 591 die
1622 546 2008 607 Verschworenen
2044 544 2195 591 durch
2228 543 2352 589 Eure

459 633 684 679 sriiheren
717 633 991 678 Beschliisse
1024 632 1196 677 bereits
1229 633 1512 678 verurtheilt
1543 633 1667 693 sind)
1702 633 1822 678 habe
1853 631 1946 685 ich,
1976 632 2046 677 als
2075 633 2183 678 iiber
2211 639 2352 678 etwas

457 721 576 766 noch
606 719 1045 774 Πηεπίεσήἰεᾱεηεε,
1082 719 1185 763 eine
1219 719 1555 779 Verhandlung
1586 718 1794 764 dariiber
1822 720 2111 780 eingeleitet.
2145 734 2239 763 was
2275 717 2352 761 lhr

457 806 576 852 iiber
594 804 684 850 den
703 804 1012 865 Gegenstand
1048 804 1281 850 urtheilen
1316 804 1412 849 und
1449 804 1566 850 iiber
1596 805 1673 850 die
1693 804 1847 850 Strafe
1881 803 2160 850 bestimmen
2192 804 2350 855 wollt;

456 893 530 937 ich
571 891 671 936 will
705 891 832 950 jetzt
874 892 1011 952 (iiber
1049 891 1229 950 Beides)
1272 890 1356 936 das
1397 892 1745 943 bevorworten‚
1800 907 1893 937 was
1937 891 2030 936 mir
2068 891 2139 936 als
2174 891 2349 936 Consul

455 977 733 1024 zukommt“
759 1004 821 1011 —
847 978 902 1029 ii,
944 978 1030 1039 qui
1070 978 1322 1029 „institui“
1371 979 1637 1024 dee-emendi
1667 977 2019 1039 significatione
2047 987 2275 1038 ceperunt
2305 989 2351 1022 et

454 1074 736 1125 „tamquam
768 1064 1039 1124 integrum“
1076 1079 1159 1124 per
1192 1066 1397 1116 ‚‚deuuo‘⁸
1431 1063 1754 1124 explicarunt,
1786 1063 1928 1110 aliter
1951 1078 2007 1109 ac
2028 1063 2213 1109 dictum
2252 1073 2351 1109 erat

453 1151 764 1212 interpretati
805 1158 940 1195 sunt:
1003 1150 1162 1202 „Aber
1206 1149 1281 1194 ich
1316 1150 1435 1195 habe
1469 1150 1595 1209 jetzt
1634 1150 1934 1205 bescklossen,
1978 1151 2085 1210 aus-s·
2119 1149 2248 1197 Neue
2291 1167 2350 1196 an

453 1239 587 1284 Euch
618 1238 710 1283 den
748 1239 931 1298 Antrag
963 1253 1021 1281 zu
1056 1238 1235 1281 richten
1268 1263 1330 1272 —
1362 1238 1473 1282 lasst
1495 1237 1619 1284 mich
1643 1239 1762 1283 noch
1784 1237 1869 1284 das
1890 1238 2232 1292 bevorworten,
2262 1247 2350 1283 etc.

453 1327 524 1370 lta
549 1341 658 1369 vero
679 1326 718 1369 si
741 1325 882 1368 verba
907 1324 1161 1383 intelligaS‚
1193 1334 1240 1368 et
1264 1326 1370 1377 loci,
1404 1341 1545 1384 quem
1565 1332 1838 1379 tractamus,
1869 1340 2027 1370 sensus
2051 1324 2352 1385 pervertitur,

451 1420 500 1456 et
539 1411 599 1456 de
639 1410 789 1456 totius
830 1410 1057 1454 orationis
1098 1410 1297 1455 consilio
1340 1426 1585 1471 perperam
1630 1411 1887 1457 iudicatur.
1953 1411 2116 1472 Neque
2147 1410 2269 1454 enim
2304 1410 2350 1454 id

453 1499 627 1559 agebat
652 1506 826 1549 orator,
854 1506 906 1541 ut
933 1497 1088 1542 denuo
1110 1498 1374 1542 referret—
1391 1499 1523 1558 quod
1547 1514 1631 1543 nec
1655 1506 1841 1559 poterat
1857 1497 2118 1551 commode,
2140 1497 2347 1542 nondum

453 1584 681 1629 omnibus
712 1584 772 1627 de
804 1583 876 1633 iis,
910 1598 1034 1643 quae
1066 1592 1204 1627 antea
1236 1585 1385 1628 relata
1417 1583 1621 1636 fuerant,
1655 1584 1898 1636 consultiS‚
1920 1609 1979 1617 —
2012 1582 2092 1627 sed
2125 1591 2194 1636 ut,
2225 1591 2348 1628 aute-

450 1688 585 1730 quam
617 1673 665 1714 in
698 1672 935 1729 referendo
960 1678 1176 1731 pergeret
1217 1673 1311 1726 (10,
1343 1677 1429 1716 20:
1463 1679 1768 1731 ‚‚antequam,
1802 1670 1854 1715 P.
1871 1668 1945 1722 C.,
1978 1668 2040 1714 ad
2071 1669 2348 1715 sententiam

452 1756 590 1801 redeo
621 1772 657 1800 s,
693 1756 954 1811 redeam“)‚
1002 1771 1080 1806 ea,
1127 1771 1251 1815 quae
1278 1755 1500 1799 Consulis
1531 1764 1681 1799 essent
1713 1765 1761 1799 et
1794 1769 1917 1816 quae
1948 1754 2008 1799 ad
2041 1770 2173 1799 suam
2206 1755 2347 1799 etiam

451 1842 629 1903 privati
652 1842 854 1887 salutem
880 1842 1182 1903 pertinerent,
1206 1846 1510 1904 praediceret,
1545 1842 1574 1887 i.
1593 1859 1631 1888 e.
1655 1851 1708 1887 ut
1729 1850 1776 1887 et
1798 1842 1858 1888 de
1880 1841 2064 1886 sceleris
2079 1856 2133 1885 ac
2149 1840 2345 1901 periculi

451 1929 783 1989 magnitudine
825 1930 929 1988 ipse
969 1932 1215 1982 iudicaret,
1259 1938 1306 1973 et
1339 1931 1502 1974 Patres
1539 1929 1600 1973 ad
1633 1928 1845 1973 celeriter
1884 1936 1931 1973 et
1973 1926 2160 1972 fortiter
2196 1926 2349 1970 decer-

450 2015 657 2060 nendum
690 2017 1027 2062 cohortaretur.

635 2101 912 2154 Verborum,
949 2101 999 2145 in
1032 2101 1209 2160 quibus
1241 2110 1488 2161 tamquam
1530 2103 1582 2146 in
1614 2102 1804 2146 cardine
1836 2118 1921 2147 suo
1953 2101 2181 2147 orationis
2210 2100 2350 2143 inter·

451 2186 656 2246 pretatio
690 2187 902 2239 vertitur,
936 2204 1120 2232 sensum
1158 2197 1280 2233 recte
1311 2205 1340 2233 a
1374 2189 1511 2233 nobis
1535 2188 1852 2233 constitutum
1880 2205 1989 2243 esse,
2023 2188 2161 2233 facile
2190 2195 2347 2248 potest

449 2290 507 2318 ex
525 2274 708 2319 Iaexicis
738 2274 949 2335 probari.
1016 2276 1135 2319 Nam
1169 2278 1424 2329 instituere,
1454 2275 1588 2337 apud
1608 2276 1885 2321 Ciceronem
1910 2285 2050 2330 certe,
2083 2288 2346 2334 numquam

449 2358 785 2414 constituendi,
819 2360 1114 2413 decernendi,
1151 2362 1335 2407 consilii
1370 2362 1614 2423 capiendi,
1656 2362 1738 2407 sed
1780 2363 2068 2424 incipiendi,
2114 2361 2346 2413 ordiendi,

448 2446 759 2507 aggrediendi
807 2448 901 2493 vim
944 2448 1103 2493 habet.
1187 2448 1420 2509 Exemplo
1458 2448 1554 2493 sint
1588 2449 1703 2494 loci:
1756 2450 1817 2495 ad
1851 2450 1981 2495 Fam.
2023 2456 2074 2502 7,
2118 2456 2199 2495 19:
2253 2457 2344 2501 „ut

448 2534 660 2594 primum
694 2534 823 2581 Velia
856 2535 1076 2595 navigare
1108 2536 1258 2596 coepi,
1293 2535 1481 2581 institui
1496 2534 1681 2596 Topica
1698 2536 1980 2582 Aristotelea
2002 2537 2289 2582 conscribere
2302 2543 2344 2586 ;“

449 2621 594 2667 Acad.
634 2628 675 2675 1,
712 2628 760 2669 1:
794 2621 1062 2683 „quaedam
1094 2622 1284 2668 institui
1320 2623 1597 2683 (angelegt),
1640 2638 1763 2684 quae
1794 2631 1843 2668 et
1874 2632 1987 2668 sunt
2018 2639 2191 2685 magna
2220 2638 2344 2676 sane,

446 2714 492 2752 et
525 2706 758 2753 limantur
786 2723 815 2753 a
848 2724 921 2753 me
952 2708 1217 2771 politius;“
1252 2725 1339 2771 pro
1371 2708 1500 2756 Mur.
1530 2715 1616 2758 32:
1651 2718 1738 2765 „ut
1768 2709 1831 2757 ad
1862 2709 1938 2763 id,
1970 2686 2103 2772 quod
2135 2707 2343 2761 institui,

448 2801 722 2848 revertar;“
756 2801 805 2840 et
837 2794 885 2840 in
920 2796 1008 2842 hac
1040 2795 1144 2858 ipsa
1174 2796 1387 2843 oratione
1419 2803 1493 2853 11,
1526 2801 1610 2845 24:
1654 2796 1932 2854 „decernite
1970 2796 2248 2858 diligenter,
2290 2804 2342 2841 nt

448 2879 736 2938 instituistis,
770 2898 825 2928 ac
859 2883 1094 2930 fortiter.“
1126 2912 1187 2919 ——-
1224 2885 1323 2931 Res
1355 2888 1542 2949 integra
1583 2884 1713 2948 apud
1753 2884 2028 2933 Ciceronem
2068 2899 2122 2930 ea
2151 2890 2245 2938 est,
2283 2882 2343 2932 de
