2699 3404
1191 276 1474 321 ..χ-

579 395 673 439 lam
717 412 849 450 vero,
902 407 952 443 ut
995 398 1055 443 ad
1097 398 1253 443 locum
1305 398 1440 443 illum
1497 396 1759 452 redeamus,
1805 414 1947 459 quem
1991 401 2053 444 ab
2101 403 2260 448 eodem

394 481 582 528 falsario
611 481 840 543 epistolae
869 483 927 529 ad
961 483 1190 537 Atticum,
1222 484 1399 531 fraudis
1430 483 1655 545 tegendae
1686 500 1861 537 caussa,
1892 484 2098 531 Orellius
2128 486 2267 534 inser-

394 575 497 612 tum
530 576 695 629 putat:
729 586 785 614 ne
815 572 863 616 in
897 571 983 615 hoc
1016 570 1226 631 quidem,
1258 579 1440 631 praeter
1471 571 1718 615 verborum
1746 573 2044 630 quorundam
2074 572 2266 617 insolen-

396 653 533 707 tiam,
581 655 675 699 fere
715 657 974 715 quicquam
1006 658 1151 709 inest,
1192 657 1323 717 quod
1355 656 1660 716 suspicionem
1693 672 1877 702 movere
1907 658 2070 717 possit.
2132 659 2265 703 Hanc

395 756 503 785 vero
545 756 635 785 non
678 739 789 784 satis
821 757 1010 800 gravem
1052 759 1263 788 caussam
1294 759 1389 788 esse
1429 742 1491 788 ad
1520 740 1853 802 suspicandum
1883 742 1933 787 in
1964 743 2175 803 epistolis
2204 744 2263 788 ad

398 827 632 878 Atticum,
687 825 912 873 familiari
954 845 1162 874 sermone
1200 838 1249 874 et
1288 829 1482 875 ioculari
1522 827 1730 889 scriptis,
1775 828 1868 874 iam
1909 829 1971 874 ab
2010 828 2113 875 aliis
2144 836 2265 874 recte

395 912 658 959 iudicatum
693 921 785 967 est,
839 914 1112 974 praesertim
1149 930 1299 974 quum
1332 929 1405 968 ea,
1440 929 1562 975 quae
1594 914 1679 959 hoc
1711 914 1813 959 loco
1845 914 2066 959 lectorem
2097 915 2264 960 morari

394 998 592 1059 possint,
629 1000 829 1045 habeant
863 1007 1032 1054 tamen,
1067 1015 1164 1061 quo
1195 999 1524 1047 defendantur.
1579 1000 1712 1053 Nam,
1749 1007 1802 1044 ut
1833 998 1882 1044 in
1913 998 1972 1043 iis
2002 999 2265 1054 consistam,

394 1101 516 1146 quae
550 1085 800 1131 necessario
834 1085 1070 1131 afferenda
1101 1093 1235 1139 sunt,
1269 1085 1400 1147 quod
1434 1087 1766 1131 Demosthenes
1806 1085 1982 1130 dicitur
2013 1085 2061 1129 in
2092 1086 2269 1147 Philip-

392 1172 511 1233 picis
542 1171 834 1218 orationibus
864 1173 925 1217 ab
957 1173 1044 1217 hoc
1075 1173 1392 1232 refractariolo
1424 1172 1639 1217 iudiciali
1687 1171 1877 1216 dicendi
1909 1187 2072 1231 genere
2111 1187 2156 1215 se
2192 1173 2267 1217 ab·

394 1261 613 1310 iunxisse,
647 1259 697 1301 id
733 1259 926 1318 quidem
958 1275 1052 1303 non
1084 1259 1292 1303 offendet
1325 1274 1446 1309 eum,
1480 1260 1565 1318 qui
1598 1260 1647 1302 in
1670 1259 1819 1303 Bruto
1838 1257 2074 1301 Ciceronis
2106 1260 2162 1316 (c.
2187 1261 2265 1313 83)

394 1347 506 1389 haec
531 1346 674 1388 verba
697 1346 879 1404 legerit:
932 1346 1263 1406 „Thucydides
1290 1347 1377 1389 hoc
1398 1345 1590 1396 forense,
1621 1347 2014 1396 concertator-ium,
2046 1343 2266 1387 iudiciale

396 1447 488 1475 non
514 1432 735 1475 tractavit
757 1441 952 1491 genuS.“
1015 1433 1229 1491 Utroque
1260 1433 1363 1477 loco
1393 1434 1606 1478 iudiciale
1623 1449 1786 1493 genus,
1826 1430 1956 1490 quod
1992 1430 2039 1473 in
2071 1429 2266 1489 privatis

396 1517 565 1562 caussis
596 1516 790 1578 agendis
814 1525 1023 1562 versatur
1044 1526 1089 1562 et
1112 1534 1221 1563 cum
1242 1517 1542 1563 altercatione
1572 1517 1878 1563 coniunctum
1908 1526 1992 1569 est,
2025 1514 2263 1577 aptissime

394 1603 655 1663 opponitur
680 1606 845 1665 generi
875 1606 1188 1658 deliberativo,
1229 1606 1280 1650 in
1313 1621 1412 1666 quo
1447 1613 1674 1665 perpetua
1703 1604 1936 1654 oratione,
1978 1601 2130 1646 verbis
2168 1615 2264 1643 sen-

394 1688 651 1748 tentiisque
674 1690 819 1748 gravi,
853 1706 922 1735 res
954 1698 1070 1744 tota,
1102 1692 1174 1736 vel
1206 1691 1254 1735 in
1276 1692 1450 1735 Senatu
1472 1692 1544 1735 vel
1569 1691 1697 1750 apud
1721 1689 1974 1751 populum,
2005 1687 2261 1748 peragitur.

394 1775 698 1836 Abiungendi
739 1777 935 1822 verbum
980 1793 1035 1822 eo
1075 1778 1302 1837 pertinet,
1361 1777 1491 1836 quod
1537 1792 1748 1821 summus
1791 1782 1951 1820 orator
1991 1789 2038 1818 se
2077 1773 2139 1817 ab
2177 1772 2263 1815 hoc

396 1859 588 1906 forensis
621 1862 797 1921 generis
829 1864 965 1923 quasi
1007 1866 1119 1926 iugo
1156 1863 1503 1924 liberaveratf)
1572 1863 1836 1909 Emittendi
1866 1861 2059 1906 verbum
2091 1857 2149 1903 de
2179 1857 2265 1902 Ca·

396 1946 560 1992 tilinae
601 1947 804 1994 discessu
836 1949 1050 1996 Ciceroni
1092 1950 1323 1997 familiare
1363 1959 1455 2004 est,
1497 1959 1551 1996 ut
1590 1951 1639 1996 in
1671 1950 1776 1996 Cat.
1808 1957 1853 2002 2,
1886 1957 1929 2002 1,
1963 1955 2013 1995 1:
2063 1961 2120 1992 ea:
2157 1945 2265 1990 urbe

392 2036 463 2081 vel
490 2036 721 2087 eiecimus,
762 2037 833 2081 vel
861 2038 1104 2090 emisimus,
1135 2045 1183 2082 et
1214 2054 1301 2098 pro
1333 2038 1465 2083 Sulla
1494 2045 1538 2091 5,
1572 2044 1647 2086 17:
1693 2039 1832 2083 eiecto
1862 2039 1954 2082 sive
1984 2034 2140 2080 emisso
2171 2033 2263 2076 iam

392 2137 448 2168 ez
481 2122 592 2167 urbe
628 2119 847 2167 Catilina.
915 2124 1130 2185 Denique
1163 2132 1283 2169 recte
1315 2124 1720 2184 (coniurationem)
1755 2124 2009 2185 involgasse
2039 2119 2264 2165 dicuntur

394 2208 693 2264 AllobrogeS,
739 2208 823 2268 qui
864 2208 1041 2254 indicio
1084 2210 1130 2254 in
1164 2210 1340 2254 Senatu
1383 2218 1574 2270 peracto
1606 2209 1883 2261 effecerunt,
1932 2213 1983 2251 ut
2019 2221 2096 2258 ea,
2143 2219 2262 2265 quae

393 2300 529 2337 antea
564 2296 795 2353 privatim
842 2295 902 2340 ad
933 2296 989 2345 Q.
1043 2296 1239 2340 Fabium
1281 2296 1481 2356 Sangam
1528 2305 1575 2340 et
1621 2311 1705 2356 per
1746 2310 1853 2339 eum
1897 2294 1955 2339 ad
1993 2293 2262 2337 Ciceronem

392 2377 675 2433 detulerant,
711 2382 762 2424 in
793 2382 961 2441 vulgus
991 2382 1359 2439 emanarent.”)
1421 2380 1659 2425 Omissum
1691 2380 1927 2424 obiectum
1958 2379 2007 2422 in
2040 2379 2124 2420 hoc
2157 2376 2264 2419 scri-

393 2462 536 2507 bendi
582 2480 744 2522 genere
787 2482 924 2510 nemo
965 2466 1102 2511 facile
1138 2466 1483 2512 desideraverit.
1548 2467 1897 2517 Unum-restat,
1945 2463 2076 2525 quod
2118 2470 2263 2507 atten-

393 2558 498 2596 tum
532 2549 624 2596 loci
656 2551 875 2598 lectorem
911 2553 1082 2598 morari
1114 2553 1284 2614 possit,
1328 2552 1458 2614 quod
1491 2552 1702 2598 Atticum
1743 2567 1905 2604 suum,
1948 2550 2032 2612 qui
2074 2556 2121 2595 et
2161 2548 2261 2607 ipse

458 2712 492 2754 ἢ
520 2711 618 2754 Virg.
645 2712 686 2746 G.
711 2715 745 2751 3,
765 2715 830 2746 518
853 2713 1303 2756 ‚‚abiungens-iuvencum.“

439 2795 500 2835 ³⁸)
523 2795 722 2837 Comparari
745 2798 859 2837 potest
881 2795 977 2827 locus
1000 2795 1121 2836 Genii,
1151 2799 1210 2836 20,
1233 2801 1273 2830 ὃς
1316 2796 1500 2830 Alexander
1528 2796 1637 2829 literas
1667 2797 1710 2829 ad
1733 2796 1939 2829 Aristotelem
1962 2792 2068 2829 misit,
2098 2799 2160 2820 ἢθη
2191 2799 2259 2820 eum

525 2861 608 2887 recte
626 2856 762 2898 secisse,
792 2856 879 2899 quod
906 2855 1089 2899 disciplinas
1121 2850 1360 2903 ἇκροατικάς,
1401 2856 1510 2900 quibus
1538 2857 1577 2890 ab
1607 2869 1639 2890 eo
1670 2859 1735 2900 ipse
1765 2859 1908 2891 eruditus
1922 2856 2032 2899 soret,
2056 2850 2148 2883 libris
2160 2849 2258 2891 foras

526 2916 621 2948 editis
642 2918 910 2960 involyasset.

2684 3329 2699 3404 ma„
2695 3312 2699 3319 .
2686 3165 2699 3305 --Aau-mw'e
2682 2859 2699 3153 *munemne-urst
2682 2644 2696 2851 ‹Wu-
