2699 3404
1070 300 1132 306 —
1195 270 1374 318 XXXV
1438 297 1498 305 ——

343 397 703 459 requisiverat*)
749 396 819 440 ita
863 395 1183 456 rescripserat,
1237 403 1292 439 ut
1332 411 1415 440 nec
1461 392 1638 448 Attico,
1696 409 1778 439 nec
1825 392 2039 439 Ciceroni
2095 392 2225 438 satis-

345 486 531 533 faceret.
626 483 827 530 Videtur
884 492 1043 531 autem
1109 482 1288 529 Brutus
1340 483 1391 528 in
1449 482 1572 528 libro
1628 495 1714 526 suo
1782 479 1981 527 nimium
2033 480 2221 533 Catoni,

337 573 573 621 avunculo
604 586 713 625 suo,
745 569 978 617 tribuisse.
1042 569 1185 615 Hunc
1216 569 1341 615 enim
1377 577 1429 615 ut
1460 569 1625 615 Cicero
1659 585 1816 615 rerum
1847 568 2063 620 illarum,
2096 585 2222 630 quae

339 660 484 711 Nonis
515 660 629 705 Dec.
661 657 710 704 in
742 658 915 704 Senatu
952 665 1108 719 gestae
1136 664 1269 712 sunt,
1303 665 1546 703 auctorem
1577 665 1879 718 actoremque
1911 655 2053 699 fuisse
2087 657 2219 701 ultro

336 742 630 798 concesserit,
661 745 862 791 eundem
897 751 1055 791 tamen
1085 760 1115 790 a
1146 745 1296 790 Bruto
1328 745 1397 789 ita
1428 744 1634 796 laudari,
1676 745 1812 805 quasi
1844 760 1954 789 suae
1987 743 2036 788 in
2069 760 2219 803 poena

338 830 694 878 coniuratorum
728 831 1018 878 decernenda
1046 838 1205 894 partes
1236 832 1378 893 plane
1411 832 1570 876 nullae
1601 830 1819 882 fuissent,
1853 847 1989 891 aegre
2022 830 2218 876 ferebat.

334 915 425 962 Sed
458 916 507 962 in
541 917 610 962 his
642 918 781 963 Bruti
814 919 1078 974 erroribus,
1113 919 1164 965 in
1195 919 1398 981 epistola
1429 919 1488 964 ad
1521 919 1753 972 amicum,
1786 927 1831 963 et
1860 919 2016 979 ipsum
2048 920 2218 963 harum

336 1017 490 1048 rerum
522 1003 636 1049 satis
667 1021 890 1067 gnarum,
932 1006 1198 1052 refellendis
1228 1013 1391 1066 aperte
1421 1006 1488 1050 ita
1522 1014 1729 1049 versatus
1766 1013 1856 1057 est,
1907 1013 1960 1049 ut
2003 1005 2214 1050 ordinem

335 1106 489 1136 rerum
528 1106 622 1136 non
660 1091 941 1138 observaret.
1019 1093 1136 1139 Nam
1187 1094 1272 1154 qui
1313 1092 1455 1154 primi
1496 1093 1771 1137 sententiam
1820 1091 1973 1152 rogati
2013 1091 2212 1144 fuerant,

333 1176 520 1223 Silanus
540 1186 587 1224 et
608 1178 851 1235 Muraena,
885 1179 1114 1227 Consules
1143 1180 1393 1242 designati,
1426 1181 1475 1235 ii,
1508 1196 1602 1226 non
1626 1179 1821 1233 ordiniS,
1855 1179 1934 1223 sed
1967 1179 2215 1240 dignitatis

330 1267 510 1312 ratione
548 1267 733 1320 habita,
783 1276 891 1327 post
942 1268 1064 1313 viros
1107 1269 1388 1314 Consulares
1436 1267 1754 1314 nominantur.
1817 1267 2013 1313 Sceleris
2055 1276 2212 1313 autem

322 1355 578 1416 patefactio
611 1354 704 1397 iam
739 1354 886 1399 biduo
917 1363 1026 1399 ante
1058 1372 1143 1415 per
1174 1355 1351 1401 indicia
1381 1355 1694 1415 Allobrogum
1735 1354 1784 1400 in
1816 1355 1989 1401 Senatu
2022 1364 2213 1416 peracta

331 1441 575 1500 suerat.**)
626 1442 759 1489 Quae
781 1441 977 1501 quidem
999 1458 1150 1501 quum
1176 1442 1294 1487 nihil
1317 1442 1550 1502 pertineat
1581 1441 1641 1487 ad
1675 1441 1960 1495 relationem,
1992 1450 2209 1503 apertum

331 1536 415 1581 est,
438 1528 712 1572 Ciceronem
735 1528 876 1596 etiam
892 1530 1249 1576 cohortationem
1269 1529 1464 1574 Patrum
1485 1536 1533 1574 et
1550 1529 1870 1575 iudicationem
1884 1530 2209 1575 sententiarum

328 1630 356 1659 a
389 1613 628 1668 relatione,
662 1609 918 1660 convocato
950 1615 1124 1661 Senatu
1156 1633 1184 1662 a
1223 1632 1269 1661 se
1301 1616 1533 1669 instituta,
1565 1615 1765 1660 discerni
1804 1615 2016 1661 voluisse.
2081 1616 2211 1665 Quid

329 1700 484 1764 quod,
517 1701 761 1747 sententiis
790 1702 1003 1749 nondum
1036 1703 1158 1757 latis,
1192 1720 1249 1749 ne
1282 1703 1383 1749 fieri
1416 1701 1607 1763 quidem
1642 1702 1806 1762 potuit
1837 1700 2210 1761 iudicatio?***)

331 1789 394 1834 Et
425 1792 621 1836 relatum
651 1805 746 1833 esse
777 1806 805 1834 a
836 1791 1066 1844 Consule,
1113 1793 1163 1835 id
1195 1792 1388 1852 quidem
1423 1791 1566 1835 etiam
1599 1807 1692 1835 non
1724 1788 1999 1848 postulante
2030 1788 2208 1836 Catone

324 1877 374 1940 in
390 1876 514 1920 SCto
536 1877 791 1920 necessario
811 1885 911 1920 erat
932 1879 1334 1936 perscribendum.
1397 1876 1538 1926 Quod
1568 1875 1776 1936 denique
1807 1893 1836 1922 a
1866 1892 1912 1922 se
1943 1875 2203 1923 iudicatum

327 1979 422 2008 esse
454 1963 596 2015 dicit,
639 1971 880 2021 antequam
911 1966 1182 2016 consuleret,
1227 1963 1278 2008 id
1310 1962 1371 2008 ad
1405 1980 1554 2008 unum
1588 1960 1794 2022 pertinet
1830 1961 2070 2017 Catonem,
2118 1964 2199 2024 qui

327 2066 479 2110 quum
510 2064 565 2093 ea
596 2043 826 2092 laudibus*
850 2048 899 2093 in
931 2049 1115 2095 coelum
1144 2049 1331 2096 efferret
1364 2048 1789 2110 perscribendaque
1816 2056 2033 2102 censeret,
2065 2063 2199 2108 quae,

325 2143 580 2196 antequam
627 2134 726 2195 ipse
776 2135 1055 2181 sententiam
1101 2143 1367 2197 rogaretur,
1418 2151 1445 2180 a
1487 2134 1691 2180 Consule
1738 2143 1783 2179 et
1832 2133 2107 2180 cohortandi
2154 2147 2200 2178 et

381 2332 418 2371 ⁶)
446 2330 657 2373 Requirimus
690 2339 748 2367 ea,
785 2338 873 2371 quae
896 2328 1019 2361 abesse
1041 2327 1215 2370 querimur
1236 2332 1270 2360 et
1292 2326 1538 2360 desideramus.
1569 2325 1757 2370 (For-cell.)
1789 2325 1944 2360 Conferri
1970 2330 2084 2368 potest
2106 2327 2198 2358 locus

451 2399 487 2432 in
509 2405 591 2432 orat.
612 2409 665 2443 pr.
688 2397 803 2441 Ligur.
830 2400 881 2436 ll,
904 2400 966 2430 33:
990 2400 1124 2439 „atque
1145 2396 1198 2431 his
1222 2396 1466 2436 irascebamur,
1499 2395 1561 2428 hos
1585 2395 1880 2436 requirebamus“‚
1916 2396 1938 2428 i.
1964 2407 1994 2428 e.
2018 2397 2052 2428 in
2077 2398 2197 2428 nostris

454 2467 610 2508 partibus
632 2477 733 2508 aegre
756 2467 1048 2499 desiderabamus.

361 2556 417 2597 ⁸⁸)
461 2553 531 2586 Cic.
548 2566 604 2597 pr.
628 2555 707 2586 Mil.
730 2557 867 2592 37,ιο3;
906 2554 1114 2594 „Quodnam
1136 2565 1200 2595 ego
1224 2553 1365 2595 conccpi
1391 2557 1520 2586 tantum
1544 2553 1656 2587 scelus
1679 2573 1720 2578 —
1744 2564 1850 2598 quum
1872 2554 1930 2587 illa
1954 2554 2076 2587 indicia
2099 2564 2196 2587 coni-

449 2623 564 2657 munis
587 2624 685 2658 exitii
707 2624 879 2666 indagavi,
898 2625 1050 2669 patq‘eei,
1073 2623 1211 2666 protuli,
1233 2622 1435 2657 exstinxi?“

337 2714 412 2758 **¹)
459 2711 663 2752 wiclant-dus,
694 2712 753 2756 qui
785 2712 827 2745 de
850 2711 914 2744 hac
936 2711 1190 2754 comparatione
1213 2715 1248 2743 et
1269 2709 1478 2743 iudicatione
1500 2711 1745 2745 sententiarum
1757 2711 1864 2746 Silani
1886 2716 1920 2743 et
1943 2712 2106 2744 caesaris
2128 2723 2196 2745 non

452 2781 638 2824 cogitaret,
660 2782 842 2815 verborum
863 2781 948 2825 quod
966 2781 1101 2827 deniqne
1120 2799 1164 2805 —
1185 2781 1250 2824 ipre
1270 2781 1477 2813 iudicum-im
1497 2791 1635 2814 sensum
1658 2781 1778 2813 mirum
1801 2780 1837 2812 in
1853 2779 1990 2813 modum
2005 2782 2196 2823 expressit:

454 2852 549 2892 „und
572 2850 813 2891 vomehmlich,
844 2851 936 2889 dass,
967 2851 1073 2885 bevor
1094 2851 1148 2885 ich
1171 2851 1237 2884 den
1261 2850 1369 2884 Sonat
1392 2851 1548 2884 stimmen
1572 2851 1663 2887 lieu,
1693 2849 1756 2881 das
1780 2848 1913 2882 Urtheil
1943 2849 1979 2883 in
2003 2851 2069 2884 mir
2091 2852 2196 2884 selbst

452 2921 578 2955 bereits
599 2920 794 2963 festgesetzt
815 2924 922 2955 γενέ(

1781 2988 1809 3020 Ε
1830 2989 1848 3009 t
