2699 3404
1209 284 1271 294 --
1334 258 1471 305 XXU
1533 287 1595 295 -

449 383 508 427 de
546 381 707 425 eadem
761 395 807 423 re
848 393 1256 432 commemorasse,
1302 380 1390 442 qui
1430 374 1589 428 tamen
1639 382 1844 443 primam
1887 382 2021 429 illam
2064 381 2340 441 orationem,

450 468 740 514 luculentam
770 475 919 530 atque
953 467 1118 512 utilem
1152 466 1459 528 reipublicae,
1499 467 1729 530 scriptam
1761 467 1998 516 exstitisse
2027 478 2191 531 aperte
2221 473 2344 521 indi·

446 554 571 600 cavit
597 555 656 615 (c.
675 559 774 614 31).
829 555 988 608 Porro,
1021 554 1060 599 si
1083 554 1235 600 oratio
1264 555 1517 616 utriusque
1544 571 1603 601 ex
1624 570 1705 601 ore
1726 554 1990 601 dicentium
2016 559 2198 605 calamo
2225 570 2342 606 esset

444 648 668 701 excepta,
718 656 879 687 caussa
918 639 1140 701 scriptori
1181 640 1319 686 nulla
1350 640 1514 687 fuisset
1546 640 1785 693 alias‚.ne‘
1809 639 1952 686 fidem
1985 639 2179 701 quidem
2214 641 2343 688 habi·

446 740 592 781 turas,
624 743 681 773 ex
706 743 791 772 suo
811 726 1001 786 ingenio
1026 728 1343 784 confingendi.
1387 728 1480 773 Sed
1502 727 1746 774 Plutarchi
1769 727 2094 772 testimonium
2117 744 2226 773 cum
2248 730 2343 774 alio

445 815 622 861 illustri
655 815 762 860 loco
784 811 1027 857 Ciceronis
1059 813 1110 858 in
1142 813 1354 859 oratione
1386 829 1475 874 pro
1492 814 1544 860 P.
1568 814 1702 860 Sulla
1731 800 2030 874 comparanti
2060 830 2155 860 non
2186 823 2342 877 potest

445 918 537 947 non
578 900 805 963 expedita
847 900 994 946 videri
1040 900 1182 946 huius
1223 901 1287 946 rei
1320 901 1598 963 explicatio.
1664 901 1958 949 Plutarchus
1995 900 2120 947 enim
2161 903 2210 949 in
2243 907 2343 950 vita

446 989 658 1042 Catonis,
692 1004 731 1033 e.
754 993 814 1034 23
847 986 961 1032 haec
992 987 1157 1032 habet:
1197 992 1346 1033 τοῦτον
1374 991 1506 1045 μόνον
1537 987 1759 1034 ὦνΚάτων
1790 988 1876 1035 εἷπε
1907 990 2190 1042 &madescant
2210 1010 2342 1050 φασι

442 1081 516 1122 τὸν
547 1078 685 1135 λόγον,
717 1080 951 1137 Κικέρωνος
982 1080 1056 1120 τοῦ
1073 1074 1233 1119 ὑπάτου
1261 1076 1356 1126 τούς
1382 1080 1657 1136 διαφέροντας
1674 1076 1839 1131 ὀξύτητι
1870 1080 1950 1121 τῶν
1973 1082 2164 1136 γραφέων
2196 1088 2343 1135 σημεῖα

442 1166 770 1225 προδιδάξαντος
800 1167 843 1206 ἐν
859 1168 1017 1219 μικροῖς
1047 1167 1117 1205 καὶ
1148 1166 1322 1222 βραχέσι
1343 1162 1488 1214 τύποις
1507 1167 1672 1207 πολλῶν
1693 1163 1948 1221 γραμμάτων
1978 1165 2123 1219 ἔχοντα
2155 1166 2342 1221 δύναμιν,

443 1250 509 1298 εἶτ’
551 1252 677 1296 ἄλλον
718 1248 922 1306 ἀλλαχόσε
963 1251 1035 1293 τοῦ
1073 1250 1366 1307 βουλευτηρίου
1408 1250 1625 1308 σποράδην
1655 1250 1919 1306 ἐμβαλόντος.
1996 1249 2153 1299 Quam
2193 1251 2344 1311 igitur

443 1336 730 1382 Plutarchus
774 1348 867 1379 non
909 1332 1117 1385 viderat,
1163 1332 1243 1377 sed
1296 1341 1478 1379 exstare
1520 1333 1765 1380 audiverat
1821 1334 2017 1381 Catonis
2063 1335 2342 1391 orationem,

442 1419 558 1469 θωπί
579 1421 892 1483 perscriptam
935 1420 1141 1480 putabat
1181 1420 1243 1465 ab
1276 1420 1502 1465 actuariis
1533 1421 1643 1474 illis,
1685 1422 1909 1467 Consulis
1949 1421 2078 1466 iussu
2111 1437 2197 1481 per
2228 1431 2344 1467 tem-

444 1512 580 1572 plum
624 1507 917 1555 Concordiae
955 1506 1212 1567 dispositis.
1290 1506 1442 1552 Cuius
1486 1507 1549 1552 rei
1591 1509 1727 1555 biduo
1768 1518 1876 1557 ante
1913 1525 1942 1554 a
1980 1524 2028 1553 se
2069 1507 2340 1570 imperatae,

442 1613 541 1658 quo
572 1596 650 1642 die
683 1594 914 1640 indicium
955 1592 1015 1638 de
1055 1592 1313 1637 coniuratis
1357 1594 1407 1639 in
1440 1594 1617 1640 Senatu
1652 1605 1897 1655 peractum
1930 1604 2014 1648 est,
2056 1611 2207 1655 quum
2240 1597 2342 1656 ipse

443 1683 604 1731 Cicero
637 1682 926 1727 mentionem
962 1678 1171 1738 faciat,*)
1219 1694 1314 1723 non
1350 1687 1507 1740 potest
1542 1679 1749 1727 dubium
1782 1680 1958 1735 videri,
2004 1679 2123 1742 quin
2159 1679 2342 1726 Plutar-

441 1772 556 1816 chus
600 1770 851 1830 utriusque
891 1766 985 1811 diei
1026 1774 1132 1811 acta
1173 1764 1458 1812 confuderit.
1542 1767 1700 1816 Quare
1747 1782 1841 1814 non
1891 1781 1946 1813 ea
1991 1774 2061 1812 est
2100 1766 2340 1813 Plutarchi

441 1855 722 1910 auctoritaS,
766 1870 863 1917 qua
905 1852 1110 1916 permoti
1151 1853 1270 1899 hanc
1302 1853 1564 1900 orationem
1598 1853 1893 1915 excipiamus
1922 1853 1982 1901 de
2014 1868 2210 1899 numero
2244 1851 2345 1899 reli·

512 2030 544 2066 “)
568 2025 666 2058 Orat.
684 2035 749 2068 pro
772 2022 868 2056 Sulla
894 2025 944 2060 14,
968 2025 1023 2055 41.
1067 2021 1175 2062 „vidi
1198 2032 1262 2064 ego
1286 2023 1360 2064 hoc,
1388 2022 1533 2062 iudices,
1558 2022 1636 2061 nisi,
1662 2023 1790 2056 recenti
1815 2023 1979 2057 memoria
2003 2023 2168 2061 Senatus,
2190 2021 2339 2055 auctori-

570 2099 675 2126 tatem
706 2094 810 2125 huius
841 2092 960 2124 indicii
995 2092 1225 2124 monumentis
1257 2091 1405 2132 publicis
1439 2096 1587 2123 testatus
1619 2101 1742 2129 essem,
1777 2091 1848 2124 sore
1883 2096 1920 2123 ut
1943 2092 2130 2135 aliquando
2153 2109 2193 2114 —
2219 2091 2343 2133 aliquis

572 2163 779 2206 patrimonio
803 2164 1004 2204 naufragus,
1038 2162 1199 2194 inimicus
1223 2161 1295 2201 otii,
1329 2162 1496 2194 bonorum
1523 2160 1643 2200 hostis,
1674 2136 1773 2193 aliter
1804 2161 1955 2195 indicata
1986 2162 2072 2195 haec
2102 2171 2179 2194 esse
2201 2162 2341 2202 diceret,

568 2244 638 2276 quo
661 2232 810 2270 facilius.
836 2238 936 2265 vento
960 2233 994 2265 in
1026 2232 1192 2273 optimum
1216 2242 1387 2274 quemque
1421 2232 1585 2269 excitato,
1616 2236 1732 2273 posset
1754 2232 1790 2264 in
1813 2232 1913 2265 malis
1936 2233 2022 2274 reip.
2044 2237 2180 2275 portum
2203 2241 2342 2264 suornm

570 2304 741 2337 malorum
765 2302 914 2344 aliquem
937 2303 1121 2352 invenire..
1144 2301 1281 2344 Itaque,
1302 2301 1508 2335 introductis
1531 2301 1565 2334 in
1580 2301 1747 2334 Senatum
1771 2302 1957 2342 indicibus.
1979 2302 2144 2337 constitui
2156 2301 2342 2335 Senatores

570 2373 629 2413 qui
660 2372 776 2404 omnia
808 2372 961 2404 indicum
999 2371 1105 2411 dicta,
1140 2373 1364 2412 interrogata,
1397 2380 1562 2413 responsa
1587 2371 1851 2413 perscriberent.
1885 2371 1994 2413 §.42
2046 2373 2092 2405 At
2113 2382 2200 2416 quos
2230 2372 2338 2404 viros!

573 2453 641 2475 non
665 2443 773 2475 solum
792 2453 927 2475 summa
953 2443 1077 2475 virtute
1112 2447 1144 2474 et
1168 2443 1245 2479 fide,
1278 2442 1378 2473 cuius
1400 2442 1535 2483 generis
1564 2442 1600 2474 in
1633 2442 1765 2474 Senatu
1791 2442 1939 2475 facultas
1963 2444 2127 2481 maxima,
2150 2444 2212 2476 sed
2236 2443 2338 2475 etiam

571 2523 658 2556 quos
692 2513 842 2546 sciebam
874 2497 1057 2551 memoria,
1092 2512 1254 2551 scientia,
1292 2511 1542 2545 consuetudine
1567 2516 1602 2544 et
1625 2512 1801 2545 celeritate
1830 2512 2002 2546 scribendi
2035 2512 2215 2551 facillime,
2249 2521 2338 2553 quae

570 2583 779 2620 dicerentur,
802 2582 961 2625 persequi
986 2592 1100 2625 posse.
1146 2582 1183 2614 C.
1211 2580 1270 2614 15.
1318 2564 1412 2621 Quid
1436 2567 1583 2614 deinde}
1606 2580 1695 2625 {quid
1727 2580 1813 2613 feci?
1859 2580 1975 2620 Quum
2006 2582 2140 2622 scirem,
2171 2581 2218 2614 ita
2243 2580 2333 2615 indi·

569 2653 661 2684 cium
685 2652 720 2684 in
746 2652 884 2683 tabulas
908 2652 1066 2692 publicas
1082 2651 1240 2689 relatum,
1263 2648 1302 2683 ut
1323 2651 1402 2683 illae
1420 2651 1561 2683 tabulae
1576 2650 1712 2692 privata
1727 2655 1844 2684 tamen
1866 2650 2036 2691 custodia,
2048 2661 2141 2685 more
2157 2650 2336 2689 maiorum,

569 2721 848 2755 continerentur:
871 2732 939 2754 non
962 2722 1143 2761 occultavi,
1167 2732 1235 2754 non
1258 2722 1412 2754 continui
1430 2722 1535 2759 domi,
1559 2722 1620 2753 sed
1636 2721 1787 2754 describi
1810 2720 1856 2752 ab
1867 2720 2026 2754 omnibus
2048 2720 2164 2753 statim
2176 2720 2335 2760 librariis,

569 2791 675 2824 dividi
710 2792 838 2834 passim
869 2796 905 2823 et
935 2791 1130 2832 pervulgari
1162 2795 1265 2834 atque
1297 2790 1354 2824 edi
1384 2791 1513 2833 populo
1544 2790 1704 2825 Romano
1727 2790 1904 2833 imperavi.
1961 2790 2074 2825 Divisi
2105 2788 2167 2822 toti
2200 2789 2334 2828 Italiae,

572 2860 669 2893 emisi
692 2861 727 2894 in
751 2871 869 2895 omnes
893 2860 1107 2904 provincias:
1139 2861 1214 2895 eius
1236 2860 1376 2901 indicii,
1403 2871 1423 2895 e
1452 2870 1521 2905 quo
1554 2861 1650 2895 salus
1680 2859 1798 2894 oblata
1828 2864 1920 2895 esset
1942 2857 2123 2897 omnibus,
2156 2862 2333 2901 expertem

570 2941 646 2964 esse
671 2932 838 2965 neminem
862 2933 990 2965 voluie·

2661 0 2683 95 naba*-

2681 3350 2699 3404 -fl
2680 3185 2699 3341 Qu*
2686 3128 2699 3167 a...
2694 3079 2697 3082 Δ
