2699 3404
1084 270 1512 353 '-x1x-

415 434 469 489 b)
500 448 546 478 se
579 432 759 480 bellum
792 442 902 476 cum
944 424 1143 487 perditis
1179 424 1365 471 civibus
1406 429 1682 481 susceptum
1724 416 1861 463 facile
1903 417 2138 462 bonorum
2178 431 2275 462 om-

499 518 639 566 nium
669 513 854 564 auxilio
885 513 1304 575 propulsat,urum;
1338 526 1379 556 c.
1415 515 1487 563 10,
1516 506 1557 570 ξ.
1590 513 1664 553 22.

420 610 468 663 c)
500 621 564 660 se,
595 604 636 650 si
667 610 825 650 tamen
857 600 948 648 sibi
978 599 1359 649 occumbendum
1390 602 1525 648 esset,
1560 592 1694 639 filioli
1727 591 1800 637 sui
1834 590 2033 643 tutelam
2054 589 2278 636 Patribus

507 689 802 754 permittere;
833 706 876 735 e.
910 695 986 742 11,
1014 685 1057 748 ξ.
1093 692 1170 733 23.

394 815 467 861 lv.
517 812 789 865 Peroratio,
822 828 863 858 c.
898 817 972 864 11,
1003 810 1043 874 ξ.
1075 815 1151 857 24.

554 888 728 965 ,Patres
758 897 1055 951 adhortatur,
1089 905 1144 944 ut
1174 898 1362 946 fortiter
1393 895 1636 941 decernere
1670 898 1885 953 pergant.

544 1036 811 1086 .Oratiouis
854 1042 1189 1095 argumentum
1231 1051 1326 1080 non
1366 1043 1464 1080 tam
1506 1037 1556 1082 in
1598 1040 1849 1099 referendo,
1892 1051 2039 1096 quam
2071 1037 2120 1080 in
2153 1041 2277 1083 iudi-

390 1127 534 1172 cando
574 1125 946 1183 cohortandoque
986 1129 1197 1168 versatur
1240 1122 1358 1183 (Cic.
1391 1124 1466 1170 ad.
1499 1125 1600 1170 Att.
1637 1132 1719 1178 12,
1753 1131 1840 1175 21,
1876 1124 1936 1183 1).
2001 1123 2143 1172 Quod
2183 1141 2280 1185 quo

392 1211 559 1259 melius
589 1209 931 1272 perspiciatur,
964 1224 993 1254 a
1015 1211 1334 1270 propositione
1365 1209 1693 1280 incipiendum
1726 1220 1818 1264 est,
1860 1226 2005 1270 quam
2039 1209 2077 1253 si
2111 1211 2280 1255 rectius

391 1300 669 1359 interpretes
713 1296 1090 1350 constituissent,
1139 1312 1294 1356 neque
1331 1295 1390 1341 de
1431 1279 1753 1358 perpetuitate
1793 1307 1840 1343 et
1873 1296 2146 1357 integritate
2184 1314 2281 1343 ora-

391 1386 555 1439 tionis,
609 1400 764 1446 neque
811 1382 871 1430 de
917 1383 1105 1430 dicendi
1156 1383 1521 1444 opportunitate
1574 1386 1718 1430 ullam
1769 1383 2023 1429 dubitandi
2069 1399 2281 1430 caussam

394 1474 606 1518 futuram
638 1471 806 1524 fuisse,
846 1486 1122 1531 persuasum
1156 1471 1319 1515 habeo.
1384 1471 1504 1516 Nam
1537 1473 1715 1534 quibus
1748 1472 1902 1516 verbis
1936 1473 2079 1532 vulgo
2112 1488 2284 1534 propo-

393 1560 503 1605 sitio
534 1558 764 1605 orationis
795 1558 943 1604 inesse
975 1566 1178 1617 putatur
1215 1558 1336 1609 „Sed
1368 1575 1455 1617 ego
1487 1559 1676 1604 institui
1711 1560 1880 1604 referre
1913 1560 1973 1604 ad
2005 1576 2101 1612 VOS,
2134 1560 2186 1604 P.
2210 1560 2284 1611 C.,

396 1656 644 1706 tamquam
684 1645 945 1705 integrum,
988 1653 1034 1690 et
1074 1645 1134 1690 de
1176 1644 1302 1689 facto
1343 1646 1463 1706 quid
1500 1646 1742 1699 iudicetis,
1790 1656 1836 1691 et
1877 1646 1935 1690 de
1974 1663 2127 1705 poena
2164 1647 2286 1706 quid

395 1732 647 1779 censeatis“
697 1733 756 1794 (c.
788 1737 839 1786 3,
869 1732 945 1793 6),
992 1732 1052 1778 iis
1086 1748 1179 1778 non
1220 1731 1323 1793 ipsa
1362 1731 1480 1779 inest
1517 1733 1807 1794 propositio,
1855 1732 1935 1779 sed
1967 1732 2195 1778 transitus
2224 1735 2285 1779 ad

398 1818 785 1881 propositionem.
850 1818 1119 1880 Propositio
1149 1826 1219 1864 est
1252 1821 1509 1880 bipartita:
1548 1823 1707 1881 prior,
1746 1837 1773 1866 a
1806 1820 1961 1866 verbis
2005 1820 2121 1874 „illa
2153 1837 2284 1880 prae-

397 1904 576 1958 dicam,
629 1922 754 1966 quae
801 1913 913 1951 sunt
957 1906 1214 1952 Consulis“
1261 1912 1321 1968 (3,
1368 1913 1417 1963 6)
1462 1909 1714 1968 incipiens,
1779 1909 1948 1953 finitur
1983 1909 2148 1953 ’verbis
2203 1921 2283 1961 „ut

400 2009 502 2038 mea
534 2008 650 2045 vox,
694 2009 819 2052 quae
850 1993 993 2039 debet
1023 2010 1119 2039 esse
1150 1994 1200 2040 in
1236 2011 1333 2054 rep.
1368 1995 1610 2055 princeps,
1653 1995 1811 2040 officio
1843 1995 2010 2039 functa
2040 1995 2282 2039 Consulari

399 2077 669 2123 videretur“
716 2082 779 2139 (9,
818 2080 920 2140 19);
974 2080 1123 2126 altera
1168 2081 1440 2125 continetur
1472 2082 1626 2125 verbis
1674 2081 1760 2134 „de
1802 2096 1876 2124 me
1906 2095 2057 2140 pauca
2098 2079 2282 2123 dicam“

399 2168 502 2224 (10,
535 2167 632 2224 20).
705 2167 809 2213 Hoc
848 2167 917 2214 ita
956 2184 1075 2219 esse,
1118 2168 1261 2213 etiam
1302 2169 1411 2213 inde
1452 2168 1762 2227 intelligitur,
1808 2165 1938 2226 quod
1979 2167 2040 2211 ab
2082 2174 2286 2227 utraqu(¹

401 2252 722 2312 propositione
753 2253 905 2299 oratio
935 2254 1155 2299 similiter
1186 2255 1504 2313 progreditur.

583 2353 861 2413 Propositio
893 2355 958 2400 A.
1042 2335 1172 2406 „Illa
1200 2357 1487 2413 praedicam,
1536 2370 1650 2414 quae
1681 2362 1786 2398 sunt
1823 2353 2081 2399 Consulis.“
2158 2354 2287 2412 „Ego

402 2432 628 2498 magnum
662 2441 711 2486 in
746 2458 845 2501 rep.
880 2442 1050 2486 versari
1083 2441 1289 2485 furorem
1320 2469 1381 2475 —
1411 2441 1502 2485 iam
1542 2441 1728 2501 pridem
1771 2440 2011 2484 videbam:
2057 2440 2137 2484 sed
2171 2442 2287 2484 hane

401 2533 606 2580 tantam,
662 2537 759 2573 tam
806 2528 1056 2574 exitiosam
1105 2528 1265 2573 haberi
1312 2528 1678 2572 coniurationem
1728 2544 1755 2572 a
1801 2528 1985 2572 civibus
2026 2541 2287 2586 numquam

403 2609 607 2671 putavi“
642 2614 702 2673 (3,
734 2618 798 2673 6).

587 2698 866 2760 Propositio
900 2702 968 2746 B.
1036 2703 1157 2755 „De-
1180 2717 1246 2747 me
1261 2717 1423 2761 pauca
1455 2703 1653 2746 dicam.“
1722 2700 1878 2760 „Ego‚
1913 2707 2090 2759 quanta
2123 2714 2293 2743 manus

403 2794 472 2831 est
504 2784 951 2835 coniuratorum-—
984 2795 1168 2833 tantam
1202 2803 1272 2833 me
1303 2785 1607 2832 inimicorum
1642 2785 1997 2831 multitudinem
2032 2785 2293 2845 suscepisse

405 2872 566 2929 video;
599 2872 678 2920 sed
709 2887 810 2921 eam
844 2893 940 2923 esse
971 2874 1347 2938 iudico'turpem
1372 2882 1420 2920 et
1442 2873 1680 2920 infirmam
1704 2882 1749 2919 et
1771 2872 2032 2918 abiectam“
2069 2876 2164 2932 (10,
2196 2875 2290 2933 20).

406 2960 690 3024 interpretes
734 2961 954 3025 plerique
1001 2979 1163 3011 omnes
1208 2964 1257 3009 in
1305 2979 1506 3010 errorem
1561 2961 1619 3006 de
1668 2967 1947 3021 argumento
1999 2969 2048 3007 et
2097 2962 2294 3010 consilio

1875 3049 1903 3082 C
1927 3050 1944 3071 1
