2699 3404
1190 247 1502 292 ¹—ll—

415 384 576 420 annos,
609 368 819 429 suspicio
849 370 1018 414 oborta
1049 379 1132 422 est,
1173 386 1251 415 seu
1286 372 1448 431 potius
1479 370 1683 416 obtrusit
1714 386 1828 423 sese,
1874 387 2026 432 neque
2058 373 2175 418 hanc
2207 392 2302 421 sen·

416 455 614 499 tentiam
647 454 696 500 in
730 456 935 501 lectione
967 471 1102 516 saepe
1136 457 1336 516 repetita
1370 467 1551 503 mutare
1582 457 1735 517 potui.
1808 458 2029 504 Rationes
2065 460 2159 505 alio
2199 463 2301 508 loco

415 542 715 601 explicabo.“
782 542 920 592 Quod
961 550 1063 586 tum
1107 545 1326 603 sperabat
1370 544 1540 589 laetius
1581 544 1758 598 otium,
1804 545 1864 589 ad
1905 545 2133 592 eiusmodi
2167 564 2303 609 argu-

414 636 627 674 mentum
664 628 1049 689 pertractandum
1086 628 1418 682 necessarium,
1468 630 1577 675 licet
1621 630 1716 675 vita
1747 630 1909 675 multis
1942 634 2302 693 tempestatibus

413 717 596 775 agitata
627 716 922 777 praeceptori
954 715 1262 760 dilectissimo
1294 716 1541 768 inviderit,
1574 732 1660 776 ego
1694 726 1871 769 tamen,
1913 718 1998 778 qui
2031 728 2077 764 et
2111 720 2210 782 ipse
2240 723 2301 767 ab

414 804 514 849 eius
545 804 796 864 disciplina
831 804 1096 864 profectus,
1146 803 1194 847 in
1234 820 1334 848 eam
1378 805 1553 863 ipsam,
1600 803 1675 848 cui
1718 803 1798 847 ille
1840 812 1974 848 tanta
2013 822 2120 852 cum
2163 811 2301 855 laude

412 890 784 951 intelligentium
819 889 1110 950 praefuerat,
1144 890 1342 934 docendi
1377 891 1670 950 provinciam
1692 890 1904 943 successi,
1937 909 2029 938 non
2051 898 2298 943 tacendum

413 978 580 1038 putavi
616 993 785 1023 nomen
817 976 972 1030 illius,
1014 977 1099 1037 qui
1132 976 1191 1022 ad
1225 976 1545 1037 quaestionem
1590 993 1716 1022 nunc
1760 994 1911 1038 quum
1948 978 2150 1025 maxime
2180 981 2301 1028 inter

411 1064 682 1125 philologos
711 1063 942 1123 agitatam
975 1063 1113 1123 quasi
1145 1063 1333 1123 signum
1355 1062 1566 1109 sustulit.
1634 1064 1753 1110 Nam
1776 1063 1929 1109 tribus
1949 1064 2139 1112 demum
2166 1068 2299 1113 annis

411 1158 520 1209 post
554 1151 827 1201 Akrensiw,
865 1148 1184 1207 Coburgensis
1214 1148 1461 1210 Gymnasii
1495 1148 1757 1203 Professor,
1799 1149 1992 1196 eandem
2032 1151 2163 1197 illam
2203 1169 2301 1199 ora-

413 1237 614 1289 tionem,
648 1252 676 1282 a
706 1235 931 1282 Cicerone
963 1234 1011 1280 in
1046 1235 1220 1281 Senatu
1254 1235 1402 1280 Nonis
1435 1236 1776 1282 Decembribus
1808 1236 2035 1290 habitam,
2068 1237 2297 1285 diversam

411 1324 554 1368 fuisse
593 1325 655 1368 ab
698 1339 772 1376 ea,
835 1339 978 1383 quam
1028 1338 1153 1367 nunc
1198 1323 1320 1366 inter
1367 1322 1671 1367 Catilinarias
1717 1332 1930 1384 quartam
1986 1340 2298 1378 numeramus,

411 1426 707 1471 quamquam
743 1426 836 1455 non
868 1410 1125 1460 nominato,
1159 1410 1232 1453 vel
1265 1412 1428 1468 potius
1459 1425 1551 1453 non
1587 1411 1778 1469 cognito
1811 1410 2067 1455 sententiae
2094 1420 2298 1463 auctore,

413 1496 626 1540 uberiore
666 1496 1006 1540 commentario
1056 1496 1255 1555 probare
1307 1503 1501 1539 conatus
1538 1504 1621 1540 est.
1699 1497 1804 1545 Qua
1848 1496 1906 1540 de
1953 1512 1999 1540 re
2046 1497 2166 1556 quid
2210 1513 2297 1557 ego

408 1582 606 1626 sentiam
637 1590 895 1642 antequam
927 1597 1178 1642 exponam,
1212 1597 1306 1626 non
1335 1581 1542 1626 alienum
1566 1582 1751 1627 videtur
1776 1583 1838 1627 ab
1861 1583 2000 1627 huius
2028 1582 2299 1642 scriptionis

409 1668 622 1721 consilio,
656 1669 787 1715 brevi
820 1669 1088 1714 narratione
1123 1668 1342 1729 persequi
1378 1669 1674 1729 quaestiones
1712 1669 1770 1714 de
1808 1679 2007 1730 quatuor
2036 1672 2296 1715 orationum

412 1754 802 1802 Catilinam-iarum
833 1759 1126 1807 auctoritate,
1159 1755 1268 1800 inde
1299 1755 1361 1800 ab
1392 1771 1515 1800 anno
1551 1761 1670 1801 1802
1701 1756 1872 1815 agitari
1906 1764 2111 1816 coeptaS.

594 1843 646 1888 ln
687 1843 774 1889 hac
812 1852 947 1904 parte
990 1840 1403 1889 commentationis
1443 1858 1571 1887 meae
1614 1842 1936 1904 incipiendum
1971 1842 2107 1888 video
2138 1859 2166 1888 a
2197 1859 2299 1903 per-

409 1937 581 1989 vagato
613 1930 823 1990 quodam
858 1930 981 1975 inter
1014 1930 1223 1974 homines
1254 1928 1420 1974 doctos
1460 1944 1613 1974 errore
1648 1929 1917 1976 refellendo.
1990 1929 2144 1975 Hodie
2174 1929 2295 1974 enim

410 2015 629 2076 plerique
660 2032 837 2070 omnes,
873 2017 958 2077 qui
993 2015 1051 2060 de
1086 2015 1171 2060 hoc
1203 2021 1483 2074 argumento
1515 2014 1828 2075 scripserunt,
1878 2024 1990 2062 utut
2031 2015 2080 2061 in
2113 2033 2161 2062 re
2191 2016 2296 2075 ipsa

409 2101 720 2148 diiudicanda
752 2102 1048 2154 dissentiant,
1078 2102 1127 2148 in
1158 2117 1212 2146 eo
1235 2108 1394 2145 tamen
1417 2100 1732 2155 consentiunt,
1766 2110 1820 2147 ut
1842 2102 1991 2148 totius
2012 2102 2297 2164 quaestionis

409 2196 648 2234 auctorem
696 2197 1022 2250 motoremque
1057 2188 1268 2249 primum
1314 2187 1456 2233 fuisse
1494 2188 1657 2233 dicant
1699 2188 1972 2234 criticorum
2016 2188 2294 2249 principem,

410 2275 702 2323 Fridericum
737 2275 1008 2338 Augustum
1049 2274 1281 2336 Woffium.
1346 2275 1411 2321 At
1444 2274 1732 2321 contrarium
1765 2292 1823 2322 ex
1856 2275 1972 2338 ipsis
2003 2274 2174 2322 summi
2208 2275 2293 2321 viri

407 2362 624 2424 scriptis,
680 2350 787 2409 cum
836 2363 1107 2425 nuperrima
1152 2363 1426 2410 Eichstadii
1464 2363 1514 2409 V.
1556 2362 1631 2408 Cl.
1679 2364 1943 2410 narratione
1996 2362 2294 2423 comparatis,

407 2450 600 2510 probari
644 2466 777 2511 posse
819 2450 935 2496 mihi
979 2450 1202 2511 persuasi.
1289 2450 1493 2495 Wolfius
1539 2449 1665 2495 enim
1713 2450 1760 2495 in
1800 2450 2091 2512 praefatione
2140 2448 2199 2493 ad
2238 2449 2294 2494 lV

414 2538 650 2583 orationes
680 2553 707 2582 a
740 2536 1025 2584 Marklando
1057 2537 1274 2583 Ciceroni
1307 2536 1626 2591 abiudicataS,
1671 2553 1699 2582 a
1730 2553 1777 2582 se
1808 2554 1928 2584 novo
1960 2535 2294 2583 commentario

411 2631 686 2669 retractatas
734 2627 802 2681 (a.
838 2629 979 2677 1801,
1036 2641 1083 2685 p.
1121 2625 1251 2683 ΧΙ.),
1298 2626 1547 2677 Rossz'um,
1604 2624 1651 2669 in
1707 2624 1830 2670 libro
1876 2624 2073 2686 Anglice
2127 2631 2290 2667 contra

408 2710 746 2756 Marklandum
790 2710 993 2770 scripto,
1046 2714 1159 2757 satis
1213 2714 1405 2758 ridicule
1444 2710 1645 2763 iudicat,
1700 2728 1809 2757 cum
1855 2711 1960 2757 aliis
2003 2707 2295 2755 orationibus

406 2796 646 2841 Ciceronis
686 2800 830 2843 etiarn
875 2802 989 2843 duas
1018 2814 1076 2844 ex
1112 2798 1413 2845 Catilinariis
1450 2799 1499 2842 in
1539 2799 1851 2859 suspicionem
1884 2802 2057 2847 νοθείας
2094 2810 2290 2846 vocasse,

408 2884 495 2929 hoc
536 2901 682 2929 unum
729 2887 846 2931 serio
889 2895 1129 2947 agentem,
1189 2895 1241 2930 ut
1279 2886 1644 2946 intelligeretur,
1697 2895 1926 2946 quantam
1970 2885 2017 2928 in
2056 2881 2291 2926 licentiam
