2699 3404
1205 240 1516 284 -lV—

417 365 502 424 qui
527 363 794 407 accuratius
814 362 946 407 illam
970 371 1237 421 cognoscat,
1264 371 1311 407 et
1331 365 1405 408 vel
1428 362 1765 407 sententiarum
1790 363 2083 422 gravitatem,
2109 368 2180 411 vel
2204 382 2299 410 ver-

418 451 586 494 borum
616 449 804 510 copiam
835 459 882 494 et
908 456 1128 494 ornatum
1154 458 1350 509 spectet,
1382 451 1653 496 Ciceronem
1686 448 1735 493 in
1767 449 1850 494 illa
1872 449 2296 495 desideraverit.““

600 549 734 598 Quae
768 566 874 594 vero
905 549 953 591 in
986 548 1127 592 tertia
1158 549 1369 593 oratione
1402 549 1724 594 animadversa
1754 564 1782 592 a
1814 548 2101 607 perfectione
2120 547 2302 593 Cicero-

420 634 563 681 niana
595 634 911 696 discrepantia
944 633 1270 695 Boettigerum
1304 650 1575 695 permovere
1616 650 1708 680 non
1742 641 1985 695 potuerat,
2035 642 2110 688 ut,
2157 649 2300 695 quam

417 723 676 769 orationem
710 722 759 766 in
792 721 996 782 singulis
1027 721 1249 782 partibus
1281 722 1589 783 improbaret,
1632 736 1733 765 eam
1769 719 2030 766 universam
2063 722 2303 767 Ciceronis

416 809 685 868 eloquentia
723 816 771 852 et
811 808 1001 868 ingenio
1043 807 1312 867 indignam,
1356 807 1568 868 adeoque
1607 823 1635 852 a
1674 822 1858 852 summo
1896 815 2080 852 oratore
2120 809 2303 854 abiudi-

418 893 613 937 candam
648 902 881 939 censeret:
935 910 989 938 ea
1021 893 1152 953 apud
1183 893 1508 938 Eichstadium
1540 892 1881 939 adolescentem
1913 901 2102 939 tantum
2135 896 2301 948 valuit,

419 986 469 1023 ut
512 979 571 1024 de
613 980 719 1040 ipso
758 989 951 1025 auctore
999 979 1221 1025 orationis
1260 979 1481 1023 dubitare
1523 979 1768 1040 inciperet.
1839 980 1974 1024 Hanc
2025 981 2300 1026 sententiam

415 1082 568 1126 quum
602 1066 651 1111 in
684 1082 878 1111 censura
908 1065 1491 1118 orationisMarcellianae,
1525 1065 1733 1111 modeste
1754 1066 1947 1126 quidem
1980 1074 2026 1110 et
2056 1074 2301 1127 tamquam

413 1151 740 1212 aenigmatice,
764 1152 1086 1212 significasset,
1109 1152 1293 1211 primus
1317 1152 1442 1196 inter
1461 1151 1728 1212 philologos
1750 1152 2065 1197 dubitationis
2085 1152 2143 1197 de
2166 1155 2303 1199 unius

414 1238 666 1282 alteriusve
682 1253 707 1281 e
723 1238 1016 1283 Catilinariis
1029 1237 1323 1283 orationibus
1339 1238 1533 1282 veritate
1552 1238 1653 1283 dux
1677 1238 1812 1298 quasi
1831 1247 1877 1283 et
1896 1237 2086 1298 signifer
2102 1240 2301 1285 exstitit.

415 1323 565 1370 Verba
599 1324 700 1370 eius
737 1324 799 1371 ad
831 1341 934 1371 eam
968 1341 1063 1370 rem
1100 1322 1364 1385 spectantia
1391 1323 1502 1369 haec
1535 1322 1733 1369 fuerunt
1767 1324 2302 1384 (Allg.Lit.Zeit.1802‚

416 1411 539 1471 Aug.
584 1428 632 1472 p.
665 1412 811 1472 283):
882 1412 1215 1466 ,‚Furchtsam,
1273 1410 1369 1456 und
1411 1428 1502 1456 nur
1541 1410 1606 1456 im
1649 1410 1992 1471 Verbeigehen,
2044 1412 2175 1472 legen
2216 1414 2302 1458 wir

417 1498 515 1543 hier
569 1514 734 1544 unsere
777 1499 1152 1558 Ueberzeugung
1199 1496 1303 1550 dar,
1363 1497 1489 1550 dass,
1553 1513 1626 1543 wo
1672 1497 1801 1543 nicht
1862 1498 2065 1543 mehrere
2119 1498 2302 1544 Cicero-

416 1582 571 1630 nische
602 1583 786 1635 Reden,
830 1582 952 1627 doch
991 1583 1115 1630 Eine
1152 1591 1287 1629 unter
1317 1585 1402 1629 den
1438 1582 1850 1636 Castlinarischen,
1899 1583 2025 1627 einer
2056 1583 2304 1628 'ahnlichen

387 1668 712 1730 ·Castigation
743 1668 828 1714 der
860 1668 1061 1713 hoheren
1094 1668 1256 1713 Kritik
1290 1669 1535 1715 bediirfe.“
1599 1670 1671 1715 Ad
1707 1669 1818 1714 haec
1842 1668 2060 1721 WolfiuS,
2093 1669 2168 1713 cui
2201 1684 2229 1713 a
2261 1685 2306 1714 se

415 1756 642 1816 scriptam
674 1771 768 1801 esse
801 1755 913 1800 libri
946 1770 1186 1800 censuram
1222 1755 1523 1801 Eichstadius
1553 1764 1824 1816 aperuerat,
1861 1755 2025 1816 paucis
2054 1764 2162 1816 post
2196 1756 2302 1801 heb-

415 1841 702 1887 domadibus
735 1842 994 1901 rescripsit:
1059 1842 1164 1895 „Sie
1197 1843 1347 1887 haben
1380 1843 1555 1894 Recht;
1605 1842 1681 1887 ich
1714 1843 1832 1887 habe
1863 1842 1939 1887 die
1971 1843 2220 1888 Orationes
2252 1841 2299 1886 in

414 1927 675 1973 Catilinam
702 1929 826 1988 jetzt
857 1929 1099 1973 nochmals
1130 1929 1219 1973 mit
1253 1931 1504 1988 grosserem
1541 1930 1776 1988 Argwohn
1816 1930 1885 1974 als
1926 1939 2054 1973 sonst
2096 1929 2300 1989 gelesen;

415 2014 492 2059 die
520 2018 667 2062 dritte
697 2015 761 2060 ist
796 2016 1073 2075 unacht.“*)
1139 2014 1342 2060 Wolfius
1374 2016 1435 2060 ab
1466 2031 1519 2060 eo
1550 2015 1660 2060 inde
1690 2023 1918 2076 tempore,
1950 2014 2159 2076 primum
2180 2014 2301 2058 inter

415 2100 688 2154 familiareS,
708 2118 917 2147 sermone
934 2112 981 2146 et
998 2101 1213 2162 epistolis
1224 2117 1443 2161 spargere
1460 2109 1692 2162 coeperat,
1705 2119 1841 2148 unam
1853 2104 1945 2149 sibi
1957 2102 2303 2164 suppositiciam

418 2191 559 2235 videri
607 2205 666 2235 ex
717 2191 1003 2235 orationibus
1051 2188 1367 2235 Catilinariis.
1451 2188 1605 2236 Quam
1638 2189 1961 2249 quaestionem
2004 2205 2154 2250 quum
2194 2187 2300 2232 aliis

414 2272 720 2319 divinandam
772 2274 1079 2334 relinqueret,
1133 2273 1315 2318 factum
1354 2282 1446 2327 est,
1501 2284 1552 2319 nt
1599 2291 1759 2319 omnes
1801 2275 2024 2336 deinceps
2069 2273 2302 2318 orationes

413 2359 733 2413 Catilinariae‚
765 2361 861 2406 alia
894 2361 955 2404 ab
987 2360 1106 2412 aliis,
1139 2360 1186 2404 in
1219 2360 1569 2405 dubitationem
1603 2370 1892 2407 vocarentur.

598 2459 693 2503 lam
727 2476 848 2506 anno
876 2466 995 2506 1803
1028 2460 1089 2504 ad
1120 2476 1225 2504 eum
1260 2459 1450 2520 scripsit
1483 2461 1826 2506 Buttmannus:
1845 2462 1927 2517 *Ὅ
1983 2460 2086 2513 „Sie
2117 2457 2301 2503 werden

416 2545 510 2587 sich
552 2545 797 2597 erinnem,
844 2547 949 2591 dass
987 2548 1061 2590 Sie
1108 2547 1199 2590 mir
1238 2546 1430 2605 vorigen
1471 2546 1681 2591 Sommer
1721 2547 1874 2607 einige
1914 2548 2087 2591 Griisse
2125 2561 2184 2589 an
2226 2543 2301 2586 die

468 2738 503 2776 ³⁸)
548 2736 613 2769 His
631 2739 746 2771 verbis
771 2743 1011 2780 argumentum
1023 2739 1189 2781 epistolae
1212 2741 1255 2772 ad
1276 2751 1313 2773 se
1338 2741 1441 2773 datae
1457 2740 1673 2773 Eichstadius
1696 2742 1960 2775 communicavit
1973 2750 2050 2773 cum
2076 2738 2112 2770 C.
2130 2738 2299 2775 Beneckiv,

546 2807 737 2840 orationum
762 2809 813 2841 IV
839 2810 873 2841 in
901 2809 984 2842 Luc.
1009 2809 1193 2843 Catilinam
1216 2811 1357 2844 editore.
1403 2810 1513 2851 (Lips.
1539 2814 1633 2844 1828.
1657 2822 1690 2853 p.
1715 2814 1807 2853 316⁴)

446 2891 502 2931 *⁸)
553 2889 672 2932 Wolf's
695 2891 811 2923 Leben
835 2903 900 2925 von
929 2892 1028 2925 Willa.
1056 2894 1176 2933 Κϋνεε,
1205 2895 1269 2927 Bd.
1295 2895 1336 2932 1.,
1361 2895 1397 2925 S.
1423 2896 1485 2926 3³1
1513 2905 1546 2927 u.
1569 2897 1646 2927 33².
