2699 3404
1105 280 1432 326 -Xv—

335 403 493 448 vincta
523 411 570 449 et
603 402 825 462 colligata
856 416 949 446 esse
987 401 1193 455 videtur,
1235 410 1289 446 ut
1326 417 1427 447 eam
1471 418 1527 447 ne
1563 403 1623 447 ab
1660 401 1962 447 audientibus
2002 402 2195 463 quidem

332 488 442 535 satis
467 489 649 550 percipi
672 487 881 547 potuisse
902 486 989 532 sibi
1012 487 1303 549 persuadeat.
1314 488 1358 548 ⁴¹)
1422 488 1513 533 Sed
1542 490 1693 533 multo
1715 487 1863 547 magis
1888 489 2195 541 admirabilis,

332 591 474 636 quarn
508 576 619 621 haec
649 572 708 618 de
738 571 944 619 eiusdem
976 571 1202 620 orationis
1233 574 1387 634 pretio
1417 574 1728 627 aestimando,
1766 573 2009 619 diversitas
2040 575 2193 620 dicam

330 678 388 708 an
420 659 751 724 repugnantia,
787 660 885 707 visa
915 669 983 707 est
1010 661 1126 707 mihi
1158 660 1361 707 duorum
1390 661 1766 707 doctissimorum
1799 661 2006 707 virorum
2033 661 2192 707 eodem

329 750 422 795 fere
466 757 674 807 tempore
730 751 903 805 (mense
944 749 1163 809 Augusto
1206 756 1254 793 et
1291 749 1559 809 Septembri
1600 748 1710 793 anni
1753 750 1891 808 1837)
1929 748 1987 794 de
2032 747 2194 793 eadem

328 848 489 879 caussa
518 832 832 879 iudicantium
864 843 959 879 tam
993 834 1242 897 singularis
1273 834 1509 879 consensio
1539 843 1587 878 et
1618 833 1753 895 quasi
1786 834 2092 894 conspiratio,
2140 841 2195 879 ut

327 934 379 963 ea
419 933 569 979 prope
619 920 897 980 praeiudicii
940 923 1043 967 loco
1083 921 1298 969 habenda
1339 937 1432 964 esse
1470 920 1697 964 videatur.
1776 920 1892 963 Nam
1925 920 2195 964 Eiclestadie'

325 1005 393 1063 (in
427 1003 693 1064 Specimine
725 1005 866 1050 tertio
898 1007 957 1052 de
987 1007 1282 1053 orationibus
1313 1006 1601 1052 Catilinariis
1639 1022 1686 1065 p.
1724 1008 1803 1064 14)
1846 1007 1958 1050 haec
1989 1014 2057 1049 est
2096 1021 2190 1049 sen-

326 1090 496 1135 tentia:
571 1091 721 1143 „Mihi
773 1100 930 1136 autem
984 1095 1223 1153 reputanti
1277 1109 1631 1153 saepenumer0‚
1694 1108 1815 1152 quae
1869 1089 2190 1141 Marklandus‚

324 1176 566 1228 Gemmas,
594 1178 807 1232 Wolfius‚
831 1179 1080 1232 Wormius,
1103 1179 1350 1231 Weiskius‚
1387 1179 1597 1230 Beckius,
1632 1175 1949 1238 Spaldingiu&
1982 1174 2191 1226 Iacobus,

325 1262 510 1322 Hugius
555 1270 602 1307 et
653 1263 748 1308 duo
789 1263 860 1309 illi
907 1264 1145 1310 novissimi
1208 1264 1476 1310 orationum
1535 1272 1934 1310 controversatum
1990 1260 2193 1307 editores

325 1348 596 1407 (Ahrensius
628 1357 676 1395 et
708 1349 933 1410 Orellius)
972 1350 1019 1396 in
1063 1359 1316 1412 utramque
1357 1359 1538 1412 partem
1579 1350 1961 1411 disputaverunt,
2008 1349 2067 1393 de
2107 1349 2191 1392 hac

322 1449 483 1479 caussa
512 1452 649 1490 nunc,
685 1444 738 1480 ut
769 1445 930 1497 aperte
961 1439 1202 1498 profitear,
1237 1438 1375 1483 aliter
1407 1437 1710 1482 statuendum
1743 1436 1943 1481 videtur.
2010 1435 2190 1485 Vereor,

322 1537 377 1565 ne
430 1537 551 1581 quae
600 1538 704 1567 sum
753 1523 969 1568 dicturus
1020 1523 1339 1585 improbaturi
1385 1524 1502 1576 sint,
1566 1523 1650 1584 qui
1705 1531 1872 1567 natura
1914 1538 1996 1566 sua
2040 1520 2190 1579 magis

321 1607 601 1668 praecipites
632 1608 693 1653 ad
723 1608 1043 1654 damnandum
1076 1626 1223 1671 quam
1255 1610 1315 1655 ad
1347 1610 1712 1663 defendendum,
1756 1610 1804 1653 in
1845 1610 1981 1653 rebus
2012 1607 2189 1652 criticis

321 1692 518 1750 mediam
568 1702 723 1741 tenere
767 1696 889 1743 viam
935 1696 1063 1742 nefas
1108 1696 1415 1742 arbitrantur.
1491 1696 1733 1742 Timidum
1779 1696 2057 1748 censebunt,
2104 1695 2187 1755 qui

318 1786 453 1824 caute
493 1787 540 1825 et
580 1781 917 1843 circumspecte
958 1784 1074 1843 agit.
1147 1783 1247 1844 Ego
1291 1800 1398 1829 vero
1439 1784 1693 1829 multorum
1737 1781 1960 1827 audaciae
1997 1790 2189 1841 antepo-

318 1864 515 1910 nendam
538 1868 802 1914 cautionem
825 1868 956 1913 illam
989 1884 1163 1914 censeo.
1228 1869 1394 1914 Dicam
1427 1869 1575 1928 igitur
1607 1868 1739 1928 quod
1769 1869 1936 1912 sentio.
2004 1868 2185 1912 Etenim

444 2068 550 2102 taient
573 2068 721 2103 Cicero's
753 2070 821 2103 und
852 2071 915 2104 wie
944 2071 1012 2105 voll
1041 2071 1134 2105 scine
1166 2082 1275 2114 ganze
1300 2072 1399 2105 Seele
1431 2082 1496 2105 von
1529 2074 1595 2105 den
1620 2071 1882 2114 Gegenstiinden
1906 2071 2016 2103 dieser
2038 2070 2093 2101 fiir
2114 2069 2180 2100 den

444 2138 543 2171 Stant
565 2139 637 2171 und
659 2139 715 2171 fiir
736 2140 794 2172 ihn
818 2141 923 2173 selbst
945 2151 984 2174 so
1005 2141 1189 2183 wichtigen
1203 2143 1352 2175 Debatte
1378 2152 1446 2173 war
1468 2158 1510 2166 —
1530 2142 1624 2174 diese
1648 2142 1744 2173 Rede
1766 2141 1809 2172 ist
1830 2140 1865 2172 in
1884 2139 1998 2180 jedem
2019 2138 2181 2171 Betracht

443 2218 485 2240 zu
500 2209 683 2247 kiinstlich‚
706 2218 764 2241 um
785 2210 864 2251 (wie
877 2211 1069 2244 Middleton
1092 2221 1135 2244 zu
1159 2213 1308 2253 glauben
1332 2212 1479 2252 scheiut)
1501 2221 1562 2242 aus
1585 2212 1660 2243 dem
1674 2209 1824 2250 Stegreif
1842 2209 1999 2250 gehalten
2021 2217 2063 2239 zu
2087 2207 2179 2244 sein:

443 2278 512 2309 und
535 2279 640 2310 selbst
661 2279 717 2311 die
739 2280 1016 2320 wohlgeluugene
1041 2280 1270 2322 Bemiihung,
1300 2282 1352 2314 ihr
1383 2281 1449 2313 den
1472 2278 1642 2312 Auschein
1674 2278 1768 2311 eines
1797 2277 1904 2311 durch
1935 2277 2002 2309 den
2026 2276 2183 2310 Moment

442 2347 681 2381 verursachten
697 2348 894 2382 Ausbruchs
917 2348 1029 2382 seiuer
1051 2349 1222 2392 innigsten
1246 2350 1561 2390 Ueberzeugungen
1584 2347 1653 2378 und
1668 2346 1815 2378 Gesiihle
1838 2355 1881 2377 zu
1905 2345 2027 2384 geben,
2051 2345 2180 2377 scheint

439 2413 503 2445 mir
525 2425 568 2446 zu
585 2415 652 2448 viel
665 2416 779 2449 Kunst
801 2426 844 2448 zu
858 2418 1048 2457 vcrrathe'n,
1072 2427 1129 2449 um
1151 2418 1243 2450 nicht
1265 2418 1321 2450 fiir
1338 2419 1393 2450 die
1406 2417 1531 2450 Frucht
1554 2416 1645 2448 eines
1664 2415 2009 2455 vorhergegangenen
2027 2414 2179 2445 scharsen

448 2481 700 2519 Nachdenkens
722 2486 879 2527 gehalten
902 2497 944 2519 zu
969 2487 1142 2520 werden.“

378 2571 405 2610 '³)
441 2568 571 2602 Ala-em
591 2582 625 2613 p.
650 2576 728 2607 160:
770 2573 869 2614 „Nec
891 2575 1075 2617 quicquam
1098 2574 1281 2617 profuisset
1303 2573 1411 2607 oratio
1434 2577 1492 2606 aut
1514 2572 1633 2615 paucis
1656 2576 1716 2604 aut
1737 2571 1867 2604 nemini
1889 2570 2069 2607 intellecta,
2090 2578 2178 2610 quae

440 2648 548 2680 neque
565 2640 779 2675 adversarios
796 2646 947 2681 terreret,
966 2652 1078 2684 neque
1095 2644 1352 2683 suffragatorum
1370 2641 1595 2675 constantiam
1618 2642 1852 2680 confirmaret3
1877 2640 2020 2682 denique
2034 2638 2178 2679 indigna

439 2707 619 2740 excellenti
641 2710 764 2743 summi
786 2710 928 2743 oratoris
950 2709 1091 2752 ingenio
1113 2711 1317 2744 videretur.“
1352 2711 1442 2743 Idem
1463 2721 1496 2753 p.
1516 2713 1595 2744 175:
1621 2710 1698 2751 „Ad
1723 2711 1812 2744 hanc
1834 2708 2017 2743 orationem
2040 2707 2177 2749 proprie

439 2777 475 2810 id
497 2777 615 2810 vitium
637 2778 793 2819 pertinet,
816 2779 908 2822 quod
930 2779 1024 2812 nulla
1046 2785 1141 2814 certa
1162 2779 1328 2813 sententia
1351 2779 1454 2812 ullius
1477 2780 1525 2812 rei
1549 2790 1594 2813 ex
1617 2780 1761 2813 oratoris
1786 2778 1897 2811 verbis
1919 2775 2090 2816 nascitur,
2114 2786 2176 2809 nec

438 2847 653 2881 constituitur
674 2847 847 2881 definitum
870 2850 1029 2891 clareque
1052 2859 1252 2891 expressum
1282 2849 1446 2883 iudicium
1478 2850 1520 2883 de
1545 2850 1586 2882 iis
1610 2850 1732 2887 rebus,
1766 2848 1800 2880 iu
1834 2846 1960 2890 quibus
1991 2846 2175 2889 praecipue

438 2921 592 2950 versatur
614 2916 752 2951 oratio.“
